<?xml version="1.0" encoding="UTF-8"?>
<!DOCTYPE html PUBLIC "-//W3C//DTD XHTML 1.0 Transitional//EN"
    "http://www.w3.org/TR/xhtml1/DTD/xhtml1-transitional.dtd">
<html xmlns="http://www.w3.org/1999/xhtml" xml:lang="en" lang="en">
 <head>
  <title>
</title>
<meta http-equiv="Content-Type" content="text/html;charset=utf-8" />
  <meta name='ocr-system' content='tesseract 3.04.00' />
  <meta name='ocr-capabilities' content='ocr_page ocr_carea ocr_par ocr_line ocrx_word'/>
</head>
<body>
  <div class='ocr_page' id='page_1' title='image "./mauriciihauptii01haupgoog/mauriciihauptii01haupgoog_0051.png"; bbox 0 0 2966 5088; ppageno 0'>
   <div class='ocr_carea' id='block_1_1' title="bbox 219 415 1301 668">
    <p class='ocr_par' dir='ltr' id='par_1_1' title="bbox 219 415 1301 668">
     <span class='ocr_line' id='line_1_1' title="bbox 736 415 778 481; baseline 0 0"><span class='ocrx_word' id='word_1_1' title='bbox 736 415 778 481; x_wconf 76' lang='lat' dir='ltr'>ll</span> 
     </span>
     <span class='ocr_line' id='line_1_2' title="bbox 219 581 1301 668; baseline 0.004 -20"><span class='ocrx_word' id='word_1_2' title='bbox 219 601 305 663; x_wconf 77' lang='lat' dir='ltr'>nna,</span> <span class='ocrx_word' id='word_1_3' title='bbox 333 581 535 666; x_wconf 65' lang='lat' dir='ltr'>rarestaden</span> <span class='ocrx_word' id='word_1_4' title='bbox 555 583 621 649; x_wconf 82' lang='lat' dir='ltr'>adae</span> <span class='ocrx_word' id='word_1_5' title='bbox 639 605 707 650; x_wconf 78' lang='lat' dir='ltr'>mas</span> <span class='ocrx_word' id='word_1_6' title='bbox 725 595 790 668; x_wconf 77' lang='lat' dir='ltr'>nr,</span> <span class='ocrx_word' id='word_1_7' title='bbox 817 588 864 651; x_wconf 82' lang='lat' dir='ltr'>ita</span> <span class='ocrx_word' id='word_1_8' title='bbox 882 589 934 651; x_wconf 73' lang='lat' dir='ltr'>ata·</span> <span class='ocrx_word' id='word_1_9' title='bbox 952 585 1219 652; x_wconf 70' lang='lat' dir='ltr'>marcatum</span> <span class='ocrx_word' id='word_1_10' title='bbox 1240 599 1301 654; x_wconf 80' lang='lat' dir='ltr'>ost.</span> 
     </span>
    </p>
   </div>
   <div class='ocr_carea' id='block_1_2' title="bbox 88 681 1301 775">
    <p class='ocr_par' dir='ltr' id='par_1_2' title="bbox 88 681 1301 775">
     <span class='ocr_line' id='line_1_3' title="bbox 88 681 1301 775; baseline 0.002 -25"><span class='ocrx_word' id='word_1_11' title='bbox 88 765 94 775; x_wconf 81' lang='lat'><em>,</em></span> <span class='ocrx_word' id='word_1_12' title='bbox 218 681 426 750; x_wconf 71' lang='lat' dir='ltr'>armatam</span> <span class='ocrx_word' id='word_1_13' title='bbox 440 705 563 772; x_wconf 84' lang='lat' dir='ltr'>qaoque</span> <span class='ocrx_word' id='word_1_14' title='bbox 575 689 608 750; x_wconf 78' lang='lat' dir='ltr'>tn</span> <span class='ocrx_word' id='word_1_15' title='bbox 622 685 758 756; x_wconf 68' lang='lat' dir='ltr'>Antias</span> <span class='ocrx_word' id='word_1_16' title='bbox 772 687 899 756; x_wconf 72' lang='lat' dir='ltr'>madens</span> <span class='ocrx_word' id='word_1_17' title='bbox 915 688 1053 774; x_wconf 69' lang='lat' dir='ltr'>affirmat</span> <span class='ocrx_word' id='word_1_18' title='bbox 1073 709 1141 753; x_wconf 81' lang='lat' dir='ltr'>aare</span> <span class='ocrx_word' id='word_1_19' title='bbox 1159 689 1301 753; x_wconf 67' lang='lat' dir='ltr'>tamam</span> 
     </span>
    </p>
   </div>
   <div class='ocr_carea' id='block_1_3' title="bbox 216 789 1304 1671">
    <p class='ocr_par' dir='ltr' id='par_1_3' title="bbox 216 789 1304 1385">
     <span class='ocr_line' id='line_1_4' title="bbox 216 789 1304 873; baseline 0.007 -25"><span class='ocrx_word' id='word_1_20' title='bbox 216 805 286 848; x_wconf 73' lang='lat' dir='ltr'>usn</span> <span class='ocrx_word' id='word_1_21' title='bbox 299 794 332 850; x_wconf 83' lang='lat' dir='ltr'>et</span> <span class='ocrx_word' id='word_1_22' title='bbox 345 789 377 850; x_wconf 83' lang='lat' dir='ltr'>et&#39;</span> <span class='ocrx_word' id='word_1_23' title='bbox 386 789 698 873; x_wconf 75' lang='lat' dir='ltr'>sacraficiarnfaaera</span> <span class='ocrx_word' id='word_1_24' title='bbox 715 795 801 856; x_wconf 78' lang='lat' dir='ltr'>ainos</span> <span class='ocrx_word' id='word_1_25' title='bbox 821 811 889 856; x_wconf 78' lang='lat' dir='ltr'>cana</span> <span class='ocrx_word' id='word_1_26' title='bbox 912 801 997 856; x_wconf 85' lang='lat' dir='ltr'>cesto</span> <span class='ocrx_word' id='word_1_27' title='bbox 1016 789 1170 871; x_wconf 69' lang='lat' dir='ltr'>muliebri,</span> <span class='ocrx_word' id='word_1_28' title='bbox 1193 793 1304 856; x_wconf 77' lang='lat' dir='ltr'>anulio-</span> 
     </span>
     <span class='ocr_line' id='line_1_5' title="bbox 216 889 1303 978; baseline 0.006 -28"><span class='ocrx_word' id='word_1_29' title='bbox 216 907 269 952; x_wconf 82' lang='lat' dir='ltr'>rea</span> <span class='ocrx_word' id='word_1_30' title='bbox 281 907 350 954; x_wconf 83' lang='lat' dir='ltr'>cans</span> <span class='ocrx_word' id='word_1_31' title='bbox 361 889 458 963; x_wconf 71' lang='lat' dir='ltr'>ninii,</span> <span class='ocrx_word' id='word_1_32' title='bbox 482 889 569 974; x_wconf 83' lang='lat' dir='ltr'>qaod</span> <span class='ocrx_word' id='word_1_33' title='bbox 581 891 686 954; x_wconf 85' lang='lat' dir='ltr'>eaden</span> <span class='ocrx_word' id='word_1_34' title='bbox 701 903 733 957; x_wconf 87' lang='lat' dir='ltr'>at</span> <span class='ocrx_word' id='word_1_35' title='bbox 744 915 812 958; x_wconf 80' lang='lat' dir='ltr'>nras</span> <span class='ocrx_word' id='word_1_36' title='bbox 823 897 1030 960; x_wconf 79' lang='lat' dir='ltr'>enistr‘rrmtar</span> <span class='ocrx_word' id='word_1_37' title='bbox 1043 903 1074 958; x_wconf 87' lang='lat' dir='ltr'>at</span> <span class='ocrx_word' id='word_1_38' title='bbox 1082 893 1216 978; x_wconf 63' lang='lat' dir='ltr'>farina.</span> <span class='ocrx_word' id='word_1_39' title='bbox 1239 891 1303 958; x_wconf 86' lang='lat' dir='ltr'>La·</span> 
     </span>
     <span class='ocr_line' id='line_1_6' title="bbox 216 988 1303 1075; baseline 0.005 -21"><span class='ocrx_word' id='word_1_40' title='bbox 216 988 290 1054; x_wconf 84' lang='lat' dir='ltr'>vimi</span> <span class='ocrx_word' id='word_1_41' title='bbox 305 1007 425 1070; x_wconf 89' lang='lat' dir='ltr'>nomen,</span> <span class='ocrx_word' id='word_1_42' title='bbox 443 990 526 1054; x_wconf 88' lang='lat' dir='ltr'>cuius</span> <span class='ocrx_word' id='word_1_43' title='bbox 540 989 645 1054; x_wconf 80' lang='lat' dir='ltr'>librum</span> <span class='ocrx_word' id='word_1_44' title='bbox 660 994 710 1075; x_wconf 90' lang='lat' dir='ltr'>qni</span> <span class='ocrx_word' id='word_1_45' title='bbox 724 995 780 1058; x_wconf 83' lang='lat' dir='ltr'>fnit</span> <span class='ocrx_word' id='word_1_46' title='bbox 794 996 830 1059; x_wconf 93' lang='lat' dir='ltr'>de</span> <span class='ocrx_word' id='word_1_47' title='bbox 843 997 945 1061; x_wconf 86' lang='lat' dir='ltr'>verbis</span> <span class='ocrx_word' id='word_1_48' title='bbox 958 995 1083 1060; x_wconf 80' lang='lat' dir='ltr'>sordidis</span> <span class='ocrx_word' id='word_1_49' title='bbox 1095 992 1208 1059; x_wconf 79' lang='lat' dir='ltr'>Gellius</span> <span class='ocrx_word' id='word_1_50' title='bbox 1220 1016 1303 1059; x_wconf 90' lang='lat' dir='ltr'>com-</span> 
     </span>
     <span class='ocr_line' id='line_1_7' title="bbox 217 1089 1304 1170; baseline 0.006 -15"><span class='ocrx_word' id='word_1_51' title='bbox 217 1102 362 1156; x_wconf 89' lang='lat' dir='ltr'>memorat</span> <span class='ocrx_word' id='word_1_52' title='bbox 375 1099 428 1170; x_wconf 75' lang='lat'>20,</span> <span class='ocrx_word' id='word_1_53' title='bbox 446 1100 497 1169; x_wconf 87' lang='lat'>11,</span> <span class='ocrx_word' id='word_1_54' title='bbox 512 1089 664 1157; x_wconf 86' lang='lat' dir='ltr'>Menrsins</span> <span class='ocrx_word' id='word_1_55' title='bbox 679 1095 891 1160; x_wconf 86' lang='lat' dir='ltr'>restituendum</span> <span class='ocrx_word' id='word_1_56' title='bbox 905 1119 974 1162; x_wconf 87' lang='lat' dir='ltr'>esse</span> <span class='ocrx_word' id='word_1_57' title='bbox 989 1097 1114 1162; x_wconf 85' lang='lat' dir='ltr'>censuit.</span> <span class='ocrx_word' id='word_1_58' title='bbox 1130 1097 1304 1161; x_wconf 84' lang='lat' dir='ltr'>sedirustra</span> 
     </span>
     <span class='ocr_line' id='line_1_8' title="bbox 216 1193 1303 1281; baseline 0.005 -23"><span class='ocrx_word' id='word_1_59' title='bbox 216 1215 337 1281; x_wconf 88' lang='lat' dir='ltr'>operam</span> <span class='ocrx_word' id='word_1_60' title='bbox 359 1193 499 1280; x_wconf 78' lang='lat' dir='ltr'>sumpsit:</span> <span class='ocrx_word' id='word_1_61' title='bbox 523 1195 671 1260; x_wconf 76' lang='lat' dir='ltr'>manifesti</span> <span class='ocrx_word' id='word_1_62' title='bbox 693 1207 763 1264; x_wconf 88' lang='lat' dir='ltr'>sunt</span> <span class='ocrx_word' id='word_1_63' title='bbox 780 1199 859 1262; x_wconf 87' lang='lat' dir='ltr'>enirn</span> <span class='ocrx_word' id='word_1_64' title='bbox 885 1200 1024 1265; x_wconf 81' lang='lat' dir='ltr'>carminis</span> <span class='ocrx_word' id='word_1_65' title='bbox 1045 1219 1169 1277; x_wconf 84' lang='lat' dir='ltr'>versus,</span> <span class='ocrx_word' id='word_1_66' title='bbox 1192 1196 1303 1263; x_wconf 88' lang='lat' dir='ltr'>Laevii</span> 
     </span>
     <span class='ocr_line' id='line_1_9' title="bbox 217 1296 1058 1385; baseline 0.004 -22"><span class='ocrx_word' id='word_1_67' title='bbox 217 1309 298 1384; x_wconf 88' lang='lat' dir='ltr'>puto,</span> <span class='ocrx_word' id='word_1_68' title='bbox 323 1321 391 1364; x_wconf 86' lang='lat' dir='ltr'>nam</span> <span class='ocrx_word' id='word_1_69' title='bbox 406 1296 540 1382; x_wconf 81' lang='lat' dir='ltr'>congrait</span> <span class='ocrx_word' id='word_1_70' title='bbox 551 1301 828 1384; x_wconf 82' lang='lat' dir='ltr'>erotopacgnionrm</span> <span class='ocrx_word' id='word_1_71' title='bbox 842 1311 1058 1385; x_wconf 74' lang='lat' dir='ltr'>argumentum,</span> 
     </span>
    </p>

    <p class='ocr_par' dir='ltr' id='par_1_4' title="bbox 388 1400 1065 1486">
     <span class='ocr_line' id='line_1_10' title="bbox 388 1400 1065 1486; baseline 0.006 -21"><span class='ocrx_word' id='word_1_72' title='bbox 388 1400 541 1465; x_wconf 85' lang='lat' dir='ltr'>Venerem</span> <span class='ocrx_word' id='word_1_73' title='bbox 562 1401 664 1486; x_wconf 60' lang='lat' dir='ltr'>agentur</span> <span class='ocrx_word' id='word_1_74' title='bbox 684 1403 796 1467; x_wconf 79' lang='lat' dir='ltr'>almum</span> <span class='ocrx_word' id='word_1_75' title='bbox 819 1404 968 1486; x_wconf 83' lang='lat' dir='ltr'>adorans,</span> <span class='ocrx_word' id='word_1_76' title='bbox 1062 1443 1065 1448; x_wconf 94' lang='lat'>-</span> 
     </span>
    </p>

    <p class='ocr_par' dir='ltr' id='par_1_5' title="bbox 387 1499 843 1585">
     <span class='ocr_line' id='line_1_11' title="bbox 387 1499 843 1585; baseline 0.011 -20"><span class='ocrx_word' id='word_1_77' title='bbox 387 1501 450 1565; x_wconf 85' lang='lat' dir='ltr'>Seu</span> <span class='ocrx_word' id='word_1_78' title='bbox 461 1499 589 1585; x_wconf 83' lang='lat' dir='ltr'>semina</span> <span class='ocrx_word' id='word_1_79' title='bbox 609 1505 762 1568; x_wconf 78' lang='lat' dir='ltr'>stire&#39;rnaa</span> <span class='ocrx_word' id='word_1_80' title='bbox 783 1515 843 1582; x_wconf 85' lang='lat' dir='ltr'>est,</span> 
     </span>
    </p>

    <p class='ocr_par' dir='ltr' id='par_1_6' title="bbox 383 1602 881 1671">
     <span class='ocr_line' id='line_1_12' title="bbox 383 1602 881 1671; baseline 0.008 -5"><span class='ocrx_word' id='word_1_81' title='bbox 383 1602 437 1667; x_wconf 86' lang='lat' dir='ltr'>Ito</span> <span class='ocrx_word' id='word_1_82' title='bbox 458 1605 509 1667; x_wconf 78' lang='lat' dir='ltr'>ati</span> <span class='ocrx_word' id='word_1_83' title='bbox 528 1605 610 1668; x_wconf 84' lang='lat' dir='ltr'>alma</span> <span class='ocrx_word' id='word_1_84' title='bbox 630 1605 800 1671; x_wconf 75' lang='lat' dir='ltr'>Noctiluca</span> <span class='ocrx_word' id='word_1_85' title='bbox 820 1619 881 1670; x_wconf 71' lang='lat' dir='ltr'>est·</span> 
     </span>
    </p>
   </div>
   <div class='ocr_carea' id='block_1_4' title="bbox 214 1691 1431 1794">
    <p class='ocr_par' dir='ltr' id='par_1_7' title="bbox 214 1691 1431 1794">
     <span class='ocr_line' id='line_1_13' title="bbox 214 1691 1431 1794; baseline 0.001 -24"><span class='ocrx_word' id='word_1_86' title='bbox 214 1707 332 1770; x_wconf 77' lang='lat' dir='ltr'>inerant</span> <span class='ocrx_word' id='word_1_87' title='bbox 353 1704 510 1768; x_wconf 84' lang='lat' dir='ltr'>hemiamlri</span> <span class='ocrx_word' id='word_1_88' title='bbox 524 1706 555 1769; x_wconf 93' lang='lat' dir='ltr'>in</span> <span class='ocrx_word' id='word_1_89' title='bbox 568 1704 676 1770; x_wconf 88' lang='lat' dir='ltr'>Laevii</span> <span class='ocrx_word' id='word_1_90' title='bbox 693 1707 929 1794; x_wconf 77' lang='lat' dir='ltr'>erotnpaegniisr</span> <span class='ocrx_word' id='word_1_91' title='bbox 953 1729 1022 1774; x_wconf 89' lang='lat' dir='ltr'>nam</span> <span class='ocrx_word' id='word_1_92' title='bbox 1039 1711 1157 1793; x_wconf 78' lang='lat' dir='ltr'>integer</span> <span class='ocrx_word' id='word_1_93' title='bbox 1170 1722 1237 1774; x_wconf 85' lang='lat' dir='ltr'>esse</span> <span class='ocrx_word' id='word_1_94' title='bbox 1252 1711 1298 1772; x_wconf 85' lang='lat' dir='ltr'>vi·</span> <span class='ocrx_word' id='word_1_95' title='bbox 1427 1691 1431 1702; x_wconf 50' lang='lat'>⁸</span> 
     </span>
    </p>
   </div>
   <div class='ocr_carea' id='block_1_5' title="bbox 189 1805 1298 4554">
    <p class='ocr_par' dir='ltr' id='par_1_8' title="bbox 189 1805 1298 2708">
     <span class='ocr_line' id='line_1_14' title="bbox 212 1805 1295 1898; baseline 0.006 -28"><span class='ocrx_word' id='word_1_96' title='bbox 212 1807 299 1871; x_wconf 88' lang='lat' dir='ltr'>detur</span> <span class='ocrx_word' id='word_1_97' title='bbox 317 1827 423 1870; x_wconf 83' lang='lat' dir='ltr'>versus</span> <span class='ocrx_word' id='word_1_98' title='bbox 443 1827 529 1890; x_wconf 88' lang='lat' dir='ltr'>qoem</span> <span class='ocrx_word' id='word_1_99' title='bbox 551 1805 705 1873; x_wconf 85' lang='lat' dir='ltr'>Charisius</span> <span class='ocrx_word' id='word_1_100' title='bbox 727 1829 768 1874; x_wconf 88' lang='lat' dir='ltr'>ex</span> <span class='ocrx_word' id='word_1_101' title='bbox 789 1820 877 1874; x_wconf 80' lang='lat' dir='ltr'>sexto</span> <span class='ocrx_word' id='word_1_102' title='bbox 905 1811 981 1876; x_wconf 83' lang='lat' dir='ltr'>lilrro</span> <span class='ocrx_word' id='word_1_103' title='bbox 1002 1813 1089 1876; x_wconf 75' lang='lat' dir='ltr'>affert</span> <span class='ocrx_word' id='word_1_104' title='bbox 1109 1835 1139 1898; x_wconf 91' lang='lat' dir='ltr'>p.</span> <span class='ocrx_word' id='word_1_105' title='bbox 1162 1820 1222 1878; x_wconf 78' lang='lat'>183</span> <span class='ocrx_word' id='word_1_106' title='bbox 1242 1810 1295 1888; x_wconf 89' lang='grc' dir='ltr'>Ρ.,</span> 
     </span>
     <span class='ocr_line' id='line_1_15' title="bbox 212 1909 1297 1997; baseline 0.003 -23"><span class='ocrx_word' id='word_1_107' title='bbox 212 1909 448 1997; x_wconf 67' lang='lat' dir='ltr'>Larmat‘terqae</span> <span class='ocrx_word' id='word_1_108' title='bbox 459 1911 583 1974; x_wconf 82' lang='lat' dir='ltr'>ludant.</span> <span class='ocrx_word' id='word_1_109' title='bbox 607 1911 730 1996; x_wconf 88' lang='lat' dir='ltr'>primam</span> <span class='ocrx_word' id='word_1_110' title='bbox 745 1913 976 1978; x_wconf 87' lang='lat' dir='ltr'>hemiambornm</span> <span class='ocrx_word' id='word_1_111' title='bbox 989 1915 1070 1980; x_wconf 90' lang='lat' dir='ltr'>arsin</span> <span class='ocrx_word' id='word_1_112' title='bbox 1089 1936 1149 1980; x_wconf 91' lang='lat' dir='ltr'>non</span> <span class='ocrx_word' id='word_1_113' title='bbox 1170 1914 1297 1978; x_wconf 90' lang='lat' dir='ltr'>solvisse</span> 
     </span>
     <span class='ocr_line' id='line_1_16' title="bbox 211 2009 1298 2104; baseline 0.005 -29"><span class='ocrx_word' id='word_1_114' title='bbox 211 2012 349 2076; x_wconf 86' lang='lat' dir='ltr'>videntur</span> <span class='ocrx_word' id='word_1_115' title='bbox 362 2009 483 2089; x_wconf 87' lang='lat' dir='ltr'>Graeci,</span> <span class='ocrx_word' id='word_1_116' title='bbox 507 2012 634 2078; x_wconf 89' lang='lat' dir='ltr'>solvisse</span> <span class='ocrx_word' id='word_1_117' title='bbox 646 2012 772 2080; x_wconf 89' lang='lat' dir='ltr'>Latinos</span> <span class='ocrx_word' id='word_1_118' title='bbox 785 2017 924 2084; x_wconf 76' lang='lat' dir='ltr'>credibile</span> <span class='ocrx_word' id='word_1_119' title='bbox 937 2029 983 2084; x_wconf 88' lang='lat' dir='ltr'>est</span> <span class='ocrx_word' id='word_1_120' title='bbox 994 2027 1113 2104; x_wconf 85' lang='lat' dir='ltr'>propter</span> <span class='ocrx_word' id='word_1_121' title='bbox 1124 2016 1298 2102; x_wconf 84' lang='lat' dir='ltr'>galliamlrcs</span> 
     </span>
     <span class='ocr_line' id='line_1_17' title="bbox 213 2111 1295 2205; baseline 0.001 -25"><span class='ocrx_word' id='word_1_122' title='bbox 213 2111 335 2196; x_wconf 84' lang='lat' dir='ltr'>Catulli,</span> <span class='ocrx_word' id='word_1_123' title='bbox 351 2137 382 2200; x_wconf 91' lang='lat' dir='ltr'>p.</span> <span class='ocrx_word' id='word_1_124' title='bbox 392 2119 445 2193; x_wconf 80' lang='grc'>39,</span> <span class='ocrx_word' id='word_1_125' title='bbox 461 2121 501 2182; x_wconf 83' lang='grc'>27</span> <span class='ocrx_word' id='word_1_126' title='bbox 528 2116 589 2180; x_wconf 78' lang='lat' dir='ltr'>Uti</span> <span class='ocrx_word' id='word_1_127' title='bbox 599 2122 705 2205; x_wconf 85' lang='lat' dir='ltr'>capita</span> <span class='ocrx_word' id='word_1_128' title='bbox 716 2119 889 2186; x_wconf 79' lang='lat' dir='ltr'>Maenades</span> <span class='ocrx_word' id='word_1_129' title='bbox 909 2123 944 2185; x_wconf 82' lang='lat' dir='ltr'>ot&#39;</span> <span class='ocrx_word' id='word_1_130' title='bbox 957 2124 1078 2186; x_wconf 81' lang='lat' dir='ltr'>iaciunt</span> <span class='ocrx_word' id='word_1_131' title='bbox 1097 2120 1295 2205; x_wconf 81' lang='lat' dir='ltr'>ederigerae,</span> 
     </span>
     <span class='ocr_line' id='line_1_18' title="bbox 211 2218 1296 2306; baseline 0.003 -23"><span class='ocrx_word' id='word_1_132' title='bbox 211 2239 243 2302; x_wconf 87' lang='lat' dir='ltr'>p.</span> <span class='ocrx_word' id='word_1_133' title='bbox 256 2223 312 2297; x_wconf 77' lang='grc'>40,</span> <span class='ocrx_word' id='word_1_134' title='bbox 329 2225 371 2284; x_wconf 79' lang='lat'>22</span> <span class='ocrx_word' id='word_1_135' title='bbox 389 2218 442 2282; x_wconf 71' lang='lat' dir='ltr'>tte·</span> <span class='ocrx_word' id='word_1_136' title='bbox 451 2221 551 2287; x_wconf 80' lang='lat' dir='ltr'>naria</span> <span class='ocrx_word' id='word_1_137' title='bbox 565 2231 656 2284; x_wconf 80' lang='lat' dir='ltr'>vasta</span> <span class='ocrx_word' id='word_1_138' title='bbox 667 2223 769 2284; x_wconf 68' lang='lat' dir='ltr'>coiens</span> <span class='ocrx_word' id='word_1_139' title='bbox 782 2222 1017 2287; x_wconf 67' lang='lat' dir='ltr'>lacrimantibus</span> <span class='ocrx_word' id='word_1_140' title='bbox 1030 2223 1139 2299; x_wconf 63' lang='lat' dir='ltr'>acuas,</span> <span class='ocrx_word' id='word_1_141' title='bbox 1161 2243 1191 2306; x_wconf 88' lang='lat' dir='ltr'>p.</span> <span class='ocrx_word' id='word_1_142' title='bbox 1206 2229 1260 2299; x_wconf 79' lang='lat'>41,</span> <span class='ocrx_word' id='word_1_143' title='bbox 1275 2228 1296 2286; x_wconf 88' lang='grc'><strong>7</strong></span> 
     </span>
     <span class='ocr_line' id='line_1_19' title="bbox 189 2319 1296 2407; baseline 0.002 -23"><span class='ocrx_word' id='word_1_144' title='bbox 189 2385 193 2394; x_wconf 76' lang='grc'>,</span> <span class='ocrx_word' id='word_1_145' title='bbox 210 2319 285 2406; x_wconf 78' lang='lat' dir='ltr'>Ego</span> <span class='ocrx_word' id='word_1_146' title='bbox 297 2322 421 2401; x_wconf 77' lang='lat' dir='ltr'>naulica,</span> <span class='ocrx_word' id='word_1_147' title='bbox 437 2341 496 2406; x_wconf 77' lang='lat' dir='ltr'>ego</span> <span class='ocrx_word' id='word_1_148' title='bbox 510 2319 701 2396; x_wconf 81' lang='lat' dir='ltr'>adolescens,</span> <span class='ocrx_word' id='word_1_149' title='bbox 725 2341 784 2405; x_wconf 78' lang='lat' dir='ltr'>ego</span> <span class='ocrx_word' id='word_1_150' title='bbox 797 2323 946 2407; x_wconf 77' lang='lat' dir='ltr'>ephebae,</span> <span class='ocrx_word' id='word_1_151' title='bbox 968 2344 1029 2407; x_wconf 75' lang='lat' dir='ltr'>ago</span> <span class='ocrx_word' id='word_1_152' title='bbox 1038 2342 1134 2405; x_wconf 81' lang='lat' dir='ltr'>puer,</span> <span class='ocrx_word' id='word_1_153' title='bbox 1160 2329 1200 2385; x_wconf 79' lang='lat'>14</span> <span class='ocrx_word' id='word_1_154' title='bbox 1220 2321 1296 2406; x_wconf 79' lang='lat' dir='ltr'>Ego</span> 
     </span>
     <span class='ocr_line' id='line_1_20' title="bbox 210 2420 1294 2507; baseline 0.002 -25"><span class='ocrx_word' id='word_1_155' title='bbox 210 2420 321 2484; x_wconf 66' lang='lat' dir='ltr'>cenat</span> <span class='ocrx_word' id='word_1_156' title='bbox 332 2423 445 2507; x_wconf 77' lang='lat' dir='ltr'>algida</span> <span class='ocrx_word' id='word_1_157' title='bbox 457 2423 535 2488; x_wconf 86' lang='lat' dir='ltr'>Idae</span> <span class='ocrx_word' id='word_1_158' title='bbox 549 2426 618 2487; x_wconf 79' lang='lat' dir='ltr'>niae</span> <span class='ocrx_word' id='word_1_159' title='bbox 639 2427 752 2486; x_wconf 80' lang='lat' dir='ltr'>amicta</span> <span class='ocrx_word' id='word_1_160' title='bbox 766 2423 836 2486; x_wconf 86' lang='lat' dir='ltr'>loca</span> <span class='ocrx_word' id='word_1_161' title='bbox 857 2424 969 2487; x_wconf 88' lang='lat' dir='ltr'>colam.</span> <span class='ocrx_word' id='word_1_162' title='bbox 993 2420 1128 2485; x_wconf 86' lang='lat' dir='ltr'>volebam</span> <span class='ocrx_word' id='word_1_163' title='bbox 1150 2421 1294 2502; x_wconf 87' lang='lat' dir='ltr'>quaedam</span> 
     </span>
     <span class='ocr_line' id='line_1_21' title="bbox 210 2509 1291 2607; baseline -0.001 -24"><span class='ocrx_word' id='word_1_164' title='bbox 210 2521 317 2585; x_wconf 81' lang='lat' dir='ltr'>addere</span> <span class='ocrx_word' id='word_1_165' title='bbox 332 2523 369 2587; x_wconf 91' lang='lat' dir='ltr'>de</span> <span class='ocrx_word' id='word_1_166' title='bbox 382 2523 571 2588; x_wconf 84' lang='lat' dir='ltr'>hemiambis=</span> <span class='ocrx_word' id='word_1_167' title='bbox 595 2509 647 2588; x_wconf 87' lang='lat' dir='ltr'>sed</span> <span class='ocrx_word' id='word_1_168' title='bbox 661 2523 815 2607; x_wconf 90' lang='lat' dir='ltr'>occupavit</span> <span class='ocrx_word' id='word_1_169' title='bbox 829 2523 928 2586; x_wconf 91' lang='lat' dir='ltr'>omnia</span> <span class='ocrx_word' id='word_1_170' title='bbox 942 2521 1156 2586; x_wconf 86' lang='lat' dir='ltr'>eruditissimus</span> <span class='ocrx_word' id='word_1_171' title='bbox 1166 2520 1215 2584; x_wconf 89' lang='lat' dir='ltr'>vir</span> <span class='ocrx_word' id='word_1_172' title='bbox 1228 2518 1291 2582; x_wconf 77' lang='lat' dir='ltr'>An-</span> 
     </span>
     <span class='ocr_line' id='line_1_22' title="bbox 195 2621 1140 2708; baseline -0.003 -20"><span class='ocrx_word' id='word_1_173' title='bbox 195 2634 312 2708; x_wconf 64' lang='lat' dir='ltr'>gustos</span> <span class='ocrx_word' id='word_1_174' title='bbox 324 2621 494 2690; x_wconf 85' lang='lat' dir='ltr'>Meinekins</span> <span class='ocrx_word' id='word_1_175' title='bbox 508 2625 713 2690; x_wconf 86' lang='lat' dir='ltr'>dissertatione</span> <span class='ocrx_word' id='word_1_176' title='bbox 728 2645 814 2708; x_wconf 89' lang='lat' dir='ltr'>quarn</span> <span class='ocrx_word' id='word_1_177' title='bbox 827 2625 863 2690; x_wconf 89' lang='lat' dir='ltr'>de</span> <span class='ocrx_word' id='word_1_178' title='bbox 876 2623 996 2690; x_wconf 87' lang='lat' dir='ltr'>Rhiano</span> <span class='ocrx_word' id='word_1_179' title='bbox 1012 2623 1140 2708; x_wconf 82' lang='lat' dir='ltr'>scripsit.</span> 
     </span>
    </p>

    <p class='ocr_par' dir='ltr' id='par_1_9' title="bbox 206 2723 1294 4554">
     <span class='ocr_line' id='line_1_23' title="bbox 211 2723 1292 2812; baseline -0.003 -22"><span class='ocrx_word' id='word_1_180' title='bbox 211 2737 217 2753; x_wconf 85' lang='lat'>‘</span> <span class='ocrx_word' id='word_1_181' title='bbox 292 2723 412 2791; x_wconf 89' lang='lat' dir='ltr'>Livium</span> <span class='ocrx_word' id='word_1_182' title='bbox 435 2727 550 2811; x_wconf 84' lang='lat' dir='ltr'>quidem</span> <span class='ocrx_word' id='word_1_183' title='bbox 563 2725 766 2792; x_wconf 80' lang='lat' dir='ltr'>Andronicum</span> <span class='ocrx_word' id='word_1_184' title='bbox 782 2748 823 2792; x_wconf 84' lang='lat' dir='ltr'>ex</span> <span class='ocrx_word' id='word_1_185' title='bbox 838 2729 894 2792; x_wconf 87' lang='lat' dir='ltr'>lrac</span> <span class='ocrx_word' id='word_1_186' title='bbox 908 2727 1099 2812; x_wconf 82' lang='lat' dir='ltr'>grammatica</span> <span class='ocrx_word' id='word_1_187' title='bbox 1120 2725 1292 2809; x_wconf 85' lang='lat' dir='ltr'>quaestione</span> 
     </span>
     <span class='ocr_line' id='line_1_24' title="bbox 208 2829 1293 2911; baseline -0.001 -18"><span class='ocrx_word' id='word_1_188' title='bbox 208 2829 399 2894; x_wconf 86' lang='lat' dir='ltr'>removimus.</span> <span class='ocrx_word' id='word_1_189' title='bbox 423 2830 477 2894; x_wconf 88' lang='lat' dir='ltr'>sed</span> <span class='ocrx_word' id='word_1_190' title='bbox 492 2829 611 2894; x_wconf 85' lang='lat' dir='ltr'>omnino</span> <span class='ocrx_word' id='word_1_191' title='bbox 630 2851 671 2894; x_wconf 86' lang='lat' dir='ltr'>ex</span> <span class='ocrx_word' id='word_1_192' title='bbox 685 2843 773 2896; x_wconf 87' lang='lat' dir='ltr'>sexto</span> <span class='ocrx_word' id='word_1_193' title='bbox 789 2831 869 2896; x_wconf 88' lang='lat' dir='ltr'>urbis</span> <span class='ocrx_word' id='word_1_194' title='bbox 884 2831 1003 2896; x_wconf 89' lang='lat' dir='ltr'>saeculo</span> <span class='ocrx_word' id='word_1_195' title='bbox 1023 2829 1073 2911; x_wconf 91' lang='lat' dir='ltr'>qui</span> <span class='ocrx_word' id='word_1_196' title='bbox 1086 2839 1293 2892; x_wconf 86' lang='lat' dir='ltr'>romanserunt</span> 
     </span>
     <span class='ocr_line' id='line_1_25' title="bbox 209 2931 1290 3018; baseline -0.004 -22"><span class='ocrx_word' id='word_1_197' title='bbox 209 2932 371 2996; x_wconf 85' lang='lat' dir='ltr'>carminum</span> <span class='ocrx_word' id='word_1_198' title='bbox 383 2952 499 3010; x_wconf 87' lang='lat' dir='ltr'>versus,</span> <span class='ocrx_word' id='word_1_199' title='bbox 523 2933 609 3018; x_wconf 91' lang='lat' dir='ltr'>pauci</span> <span class='ocrx_word' id='word_1_200' title='bbox 620 2933 663 2996; x_wconf 89' lang='lat' dir='ltr'>illi</span> <span class='ocrx_word' id='word_1_201' title='bbox 677 2933 793 3016; x_wconf 86' lang='lat' dir='ltr'>quidem</span> <span class='ocrx_word' id='word_1_202' title='bbox 806 2933 832 2997; x_wconf 92' lang='lat' dir='ltr'>si</span> <span class='ocrx_word' id='word_1_203' title='bbox 844 2934 994 3017; x_wconf 83' lang='lat' dir='ltr'>ingentem</span> <span class='ocrx_word' id='word_1_204' title='bbox 1004 2931 1147 2995; x_wconf 84' lang='lat' dir='ltr'>iacturam</span> <span class='ocrx_word' id='word_1_205' title='bbox 1162 2939 1290 3015; x_wconf 88' lang='lat' dir='ltr'>spectas,</span> 
     </span>
     <span class='ocr_line' id='line_1_26' title="bbox 208 3032 1289 3116; baseline -0.002 -18"><span class='ocrx_word' id='word_1_206' title='bbox 208 3045 240 3098; x_wconf 91' lang='lat' dir='ltr'>at</span> <span class='ocrx_word' id='word_1_207' title='bbox 259 3036 333 3098; x_wconf 87' lang='lat' dir='ltr'>satis</span> <span class='ocrx_word' id='word_1_208' title='bbox 354 3034 437 3098; x_wconf 82' lang='lat' dir='ltr'>multi</span> <span class='ocrx_word' id='word_1_209' title='bbox 458 3047 490 3100; x_wconf 92' lang='lat' dir='ltr'>ut</span> <span class='ocrx_word' id='word_1_210' title='bbox 511 3036 547 3099; x_wconf 93' lang='lat' dir='ltr'>de</span> <span class='ocrx_word' id='word_1_211' title='bbox 568 3036 715 3100; x_wconf 89' lang='lat' dir='ltr'>sermonis</span> <span class='ocrx_word' id='word_1_212' title='bbox 731 3036 944 3101; x_wconf 89' lang='lat' dir='ltr'>consuetudine</span> <span class='ocrx_word' id='word_1_213' title='bbox 964 3033 1163 3098; x_wconf 87' lang='lat' dir='ltr'>coniecturam</span> <span class='ocrx_word' id='word_1_214' title='bbox 1178 3032 1289 3116; x_wconf 87' lang='lat' dir='ltr'>capias,</span> 
     </span>
     <span class='ocr_line' id='line_1_27' title="bbox 209 3135 1291 3228; baseline -0.003 -29"><span class='ocrx_word' id='word_1_215' title='bbox 209 3137 239 3200; x_wconf 91' lang='lat' dir='ltr'>lri</span> <span class='ocrx_word' id='word_1_216' title='bbox 252 3137 344 3222; x_wconf 77' lang='lat' dir='ltr'>igitur</span> <span class='ocrx_word' id='word_1_217' title='bbox 355 3157 461 3201; x_wconf 89' lang='lat' dir='ltr'>versus</span> <span class='ocrx_word' id='word_1_218' title='bbox 475 3159 579 3214; x_wconf 88' lang='lat' dir='ltr'>omnes</span> <span class='ocrx_word' id='word_1_219' title='bbox 592 3159 651 3201; x_wconf 89' lang='lat' dir='ltr'>non</span> <span class='ocrx_word' id='word_1_220' title='bbox 664 3137 802 3226; x_wconf 23' lang='lat' dir='ltr'>viden-tor</span> <span class='ocrx_word' id='word_1_221' title='bbox 815 3138 967 3201; x_wconf 87' lang='lat' dir='ltr'>oontinera</span> <span class='ocrx_word' id='word_1_222' title='bbox 980 3135 1211 3228; x_wconf 79' lang='lat' dir='ltr'>copulativarnm</span> <span class='ocrx_word' id='word_1_223' title='bbox 1224 3154 1291 3218; x_wconf 86' lang='lat' dir='ltr'>par·</span> 
     </span>
     <span class='ocr_line' id='line_1_28' title="bbox 207 3237 1291 3323; baseline -0.001 -22"><span class='ocrx_word' id='word_1_224' title='bbox 207 3237 361 3302; x_wconf 86' lang='lat' dir='ltr'>ticularnm</span> <span class='ocrx_word' id='word_1_225' title='bbox 375 3239 592 3319; x_wconf 58' lang='lat' dir='ltr'>werdonem,</span> <span class='ocrx_word' id='word_1_226' title='bbox 606 3240 665 3311; x_wconf 88' lang='lat' dir='ltr'>nisi</span> <span class='ocrx_word' id='word_1_227' title='bbox 679 3241 773 3307; x_wconf 91' lang='lat' dir='ltr'>sicubi</span> <span class='ocrx_word' id='word_1_228' title='bbox 785 3240 861 3323; x_wconf 89' lang='lat' dir='ltr'>quod</span> <span class='ocrx_word' id='word_1_229' title='bbox 874 3240 994 3303; x_wconf 82' lang='lat' dir='ltr'>tradunt</span> <span class='ocrx_word' id='word_1_230' title='bbox 1003 3249 1122 3302; x_wconf 85' lang='lat' dir='ltr'>veteres</span> <span class='ocrx_word' id='word_1_231' title='bbox 1132 3237 1291 3322; x_wconf 79' lang='lat' dir='ltr'>scriptores</span> 
     </span>
     <span class='ocr_line' id='line_1_29' title="bbox 207 3337 1289 3422; baseline -0.002 -18"><span class='ocrx_word' id='word_1_232' title='bbox 207 3352 318 3404; x_wconf 81' lang='lat' dir='ltr'>temere</span> <span class='ocrx_word' id='word_1_233' title='bbox 332 3350 476 3406; x_wconf 87' lang='lat' dir='ltr'>mutatum</span> <span class='ocrx_word' id='word_1_234' title='bbox 487 3351 546 3406; x_wconf 82' lang='lat' dir='ltr'>est.</span> <span class='ocrx_word' id='word_1_235' title='bbox 569 3363 673 3406; x_wconf 87' lang='lat' dir='ltr'>verum</span> <span class='ocrx_word' id='word_1_236' title='bbox 688 3341 725 3405; x_wconf 88' lang='lat' dir='ltr'>de</span> <span class='ocrx_word' id='word_1_237' title='bbox 739 3363 799 3404; x_wconf 92' lang='lat' dir='ltr'>nno</span> <span class='ocrx_word' id='word_1_238' title='bbox 812 3351 911 3404; x_wconf 68' lang='lat' dir='ltr'>amen</span> <span class='ocrx_word' id='word_1_239' title='bbox 928 3338 1076 3403; x_wconf 86' lang='lat' dir='ltr'>versiculo</span> <span class='ocrx_word' id='word_1_240' title='bbox 1089 3337 1193 3418; x_wconf 86' lang='lat' dir='ltr'>Ennii,</span> <span class='ocrx_word' id='word_1_241' title='bbox 1217 3359 1289 3422; x_wconf 83' lang='lat' dir='ltr'>qno·</span> 
     </span>
     <span class='ocr_line' id='line_1_30' title="bbox 207 3441 1288 3529; baseline -0.002 -24"><span class='ocrx_word' id='word_1_242' title='bbox 207 3442 286 3506; x_wconf 89' lang='lat' dir='ltr'>niam</span> <span class='ocrx_word' id='word_1_243' title='bbox 301 3441 427 3506; x_wconf 84' lang='lat' dir='ltr'>dubitari</span> <span class='ocrx_word' id='word_1_244' title='bbox 442 3443 478 3508; x_wconf 91' lang='lat' dir='ltr'>de</span> <span class='ocrx_word' id='word_1_245' title='bbox 493 3465 530 3508; x_wconf 91' lang='lat' dir='ltr'>eo</span> <span class='ocrx_word' id='word_1_246' title='bbox 548 3454 655 3529; x_wconf 84' lang='lat' dir='ltr'>potest,</span> <span class='ocrx_word' id='word_1_247' title='bbox 680 3443 967 3508; x_wconf 86' lang='lat' dir='ltr'>commemorandum</span> <span class='ocrx_word' id='word_1_248' title='bbox 985 3462 1052 3506; x_wconf 90' lang='lat' dir='ltr'>esse</span> <span class='ocrx_word' id='word_1_249' title='bbox 1072 3441 1143 3505; x_wconf 91' lang='lat' dir='ltr'>milri</span> <span class='ocrx_word' id='word_1_250' title='bbox 1161 3441 1288 3504; x_wconf 89' lang='lat' dir='ltr'>videtur.</span> 
     </span>
     <span class='ocr_line' id='line_1_31' title="bbox 207 3543 1291 3636; baseline -0.004 -26"><span class='ocrx_word' id='word_1_251' title='bbox 207 3545 245 3610; x_wconf 89' lang='lat' dir='ltr'>ad</span> <span class='ocrx_word' id='word_1_252' title='bbox 259 3566 296 3610; x_wconf 89' lang='lat' dir='ltr'>ea</span> <span class='ocrx_word' id='word_1_253' title='bbox 310 3565 385 3630; x_wconf 87' lang='lat' dir='ltr'>qnae</span> <span class='ocrx_word' id='word_1_254' title='bbox 396 3543 541 3631; x_wconf 82' lang='lat' dir='ltr'>Virgilius</span> <span class='ocrx_word' id='word_1_255' title='bbox 562 3544 730 3610; x_wconf 78' lang='lat' dir='ltr'>dixitrlen.</span> <span class='ocrx_word' id='word_1_256' title='bbox 751 3553 783 3636; x_wconf 78' lang='grc'>8,</span> <span class='ocrx_word' id='word_1_257' title='bbox 802 3553 864 3614; x_wconf 81' lang='grc'>360</span> <span class='ocrx_word' id='word_1_258' title='bbox 879 3563 928 3624; x_wconf 88' lang='lat' dir='ltr'>s.‚</span> <span class='ocrx_word' id='word_1_259' title='bbox 947 3547 1129 3634; x_wconf 78' lang='lat' dir='ltr'>passimque</span> <span class='ocrx_word' id='word_1_260' title='bbox 1150 3551 1291 3608; x_wconf 83' lang='lat' dir='ltr'>armenta</span> 
     </span>
     <span class='ocr_line' id='line_1_32' title="bbox 206 3639 1290 3735; baseline -0.005 -23"><span class='ocrx_word' id='word_1_261' title='bbox 206 3648 353 3714; x_wconf 79' lang='lat' dir='ltr'>videbant</span> <span class='ocrx_word' id='word_1_262' title='bbox 362 3647 649 3735; x_wconf 80' lang='lat' dir='ltr'>Romanoqaesoro</span> <span class='ocrx_word' id='word_1_263' title='bbox 665 3661 698 3713; x_wconf 87' lang='lat' dir='ltr'>et</span> <span class='ocrx_word' id='word_1_264' title='bbox 708 3652 808 3715; x_wconf 67' lang='lat' dir='ltr'>tantm</span> <span class='ocrx_word' id='word_1_265' title='bbox 821 3652 946 3735; x_wconf 80' lang='lat' dir='ltr'>mugire</span> <span class='ocrx_word' id='word_1_266' title='bbox 966 3648 1104 3728; x_wconf 66' lang='lat' dir='ltr'>Candaei,</span> <span class='ocrx_word' id='word_1_267' title='bbox 1127 3645 1204 3730; x_wconf 82' lang='lat' dir='ltr'>apud</span> <span class='ocrx_word' id='word_1_268' title='bbox 1218 3639 1290 3708; x_wconf 85' lang='lat' dir='ltr'>Scr-</span> 
     </span>
     <span class='ocr_line' id='line_1_33' title="bbox 206 3745 1294 3836; baseline -0.005 -24"><span class='ocrx_word' id='word_1_269' title='bbox 206 3750 286 3812; x_wconf 87' lang='lat' dir='ltr'>vium</span> <span class='ocrx_word' id='word_1_270' title='bbox 300 3751 332 3814; x_wconf 92' lang='lat' dir='ltr'>in</span> <span class='ocrx_word' id='word_1_271' title='bbox 348 3747 525 3815; x_wconf 84' lang='lat' dir='ltr'>Carinarum</span> <span class='ocrx_word' id='word_1_272' title='bbox 537 3749 789 3836; x_wconf 85' lang='lat' dir='ltr'>interpretatione¹</span> <span class='ocrx_word' id='word_1_273' title='bbox 799 3751 873 3816; x_wconf 87' lang='lat' dir='ltr'>haec</span> <span class='ocrx_word' id='word_1_274' title='bbox 887 3751 1007 3816; x_wconf 86' lang='lat' dir='ltr'>adiecta</span> <span class='ocrx_word' id='word_1_275' title='bbox 1026 3761 1105 3825; x_wconf 84' lang='lat' dir='ltr'>sunt,</span> <span class='ocrx_word' id='word_1_276' title='bbox 1130 3749 1191 3810; x_wconf 77' lang='lat' dir='ltr'>alii</span> <span class='ocrx_word' id='word_1_277' title='bbox 1208 3745 1294 3830; x_wconf 84' lang='lat' dir='ltr'>qaod</span> 
     </span>
     <span class='ocr_line' id='line_1_34' title="bbox 206 3848 1289 3940; baseline -0.006 -24"><span class='ocrx_word' id='word_1_278' title='bbox 206 3851 252 3916; x_wconf 76' lang='lat' dir='ltr'>oi</span> <span class='ocrx_word' id='word_1_279' title='bbox 262 3851 374 3917; x_wconf 71' lang='lat' dir='ltr'>Sarna</span> <span class='ocrx_word' id='word_1_280' title='bbox 383 3851 503 3918; x_wconf 80' lang='lat' dir='ltr'>nobiles</span> <span class='ocrx_word' id='word_1_281' title='bbox 517 3852 736 3928; x_wconf 73' lang='lat' dir='ltr'>habitaret-ant,</span> <span class='ocrx_word' id='word_1_282' title='bbox 753 3873 884 3940; x_wconf 74' lang='lat' dir='ltr'>quanm</span> <span class='ocrx_word' id='word_1_283' title='bbox 896 3873 1000 3938; x_wconf 79' lang='lat' dir='ltr'>genas</span> <span class='ocrx_word' id='word_1_284' title='bbox 1012 3848 1146 3914; x_wconf 68' lang='lat' dir='ltr'>anctae</span> <span class='ocrx_word' id='word_1_285' title='bbox 1158 3855 1190 3910; x_wconf 85' lang='lat' dir='ltr'>et</span> <span class='ocrx_word' id='word_1_286' title='bbox 1207 3849 1289 3909; x_wconf 82' lang='lat' dir='ltr'>cari·</span> 
     </span>
     <span class='ocr_line' id='line_1_35' title="bbox 207 3946 1288 4028; baseline -0.006 -10"><span class='ocrx_word' id='word_1_287' title='bbox 207 3975 285 4019; x_wconf 83' lang='lat' dir='ltr'>nara</span> <span class='ocrx_word' id='word_1_288' title='bbox 299 3955 430 4019; x_wconf 83' lang='lat' dir='ltr'>solebat.</span> <span class='ocrx_word' id='word_1_289' title='bbox 454 3957 599 4021; x_wconf 76' lang='lat' dir='ltr'>caricare</span> <span class='ocrx_word' id='word_1_290' title='bbox 614 3964 717 4018; x_wconf 81' lang='lat' dir='ltr'>autem</span> <span class='ocrx_word' id='word_1_291' title='bbox 731 3965 782 4018; x_wconf 84' lang='lat' dir='ltr'>est</span> <span class='ocrx_word' id='word_1_292' title='bbox 793 3953 980 4020; x_wconf 83' lang='lat' dir='ltr'>obtrectare.</span> <span class='ocrx_word' id='word_1_293' title='bbox 1004 3951 1140 4028; x_wconf 82' lang='lat' dir='ltr'>Ennius,</span> <span class='ocrx_word' id='word_1_294' title='bbox 1169 3946 1288 4012; x_wconf 80' lang='lat' dir='ltr'>Contra</span> 
     </span>
     <span class='ocr_line' id='line_1_36' title="bbox 208 4051 1292 4145; baseline -0.006 -23"><span class='ocrx_word' id='word_1_295' title='bbox 208 4060 387 4122; x_wconf 69' lang='lat' dir='ltr'>warnae</span> <span class='ocrx_word' id='word_1_296' title='bbox 399 4057 496 4121; x_wconf 85' lang='lat' dir='ltr'>cerda</span> <span class='ocrx_word' id='word_1_297' title='bbox 509 4069 603 4145; x_wconf 84' lang='lat' dir='ltr'>atque</span> <span class='ocrx_word' id='word_1_298' title='bbox 613 4057 745 4122; x_wconf 74' lang='lat' dir='ltr'>obscena</span> <span class='ocrx_word' id='word_1_299' title='bbox 756 4055 921 4141; x_wconf 74' lang='lat' dir='ltr'>prosatico.</span> <span class='ocrx_word' id='word_1_300' title='bbox 936 4053 1023 4130; x_wconf 71' lang='lat' dir='ltr'>alodi,</span> <span class='ocrx_word' id='word_1_301' title='bbox 1039 4073 1193 4139; x_wconf 78' lang='lat' dir='ltr'>aequatae</span> <span class='ocrx_word' id='word_1_302' title='bbox 1203 4051 1292 4116; x_wconf 85' lang='lat' dir='ltr'>decet</span> 
     </span>
     <span class='ocr_line' id='line_1_37' title="bbox 208 4150 1288 4243; baseline -0.007 -18"><span class='ocrx_word' id='word_1_303' title='bbox 208 4159 290 4225; x_wconf 79' lang='lat' dir='ltr'>lanc</span> <span class='ocrx_word' id='word_1_304' title='bbox 303 4159 514 4226; x_wconf 74' lang='lat' dir='ltr'>cardinalibus</span> <span class='ocrx_word' id='word_1_305' title='bbox 524 4160 615 4225; x_wconf 83' lang='lat' dir='ltr'>edere</span> <span class='ocrx_word' id='word_1_306' title='bbox 626 4159 758 4225; x_wconf 67' lang='lat' dir='ltr'>chasma.</span> <span class='ocrx_word' id='word_1_307' title='bbox 778 4156 972 4243; x_wconf 88' lang='lat' dir='ltr'>posteriorem</span> <span class='ocrx_word' id='word_1_308' title='bbox 983 4175 1104 4222; x_wconf 88' lang='lat' dir='ltr'>vorsum</span> <span class='ocrx_word' id='word_1_309' title='bbox 1117 4150 1237 4220; x_wconf 82' lang='lat' dir='ltr'>Merula</span> <span class='ocrx_word' id='word_1_310' title='bbox 1251 4152 1288 4217; x_wconf 84' lang='lat' dir='ltr'>ad</span> 
     </span>
     <span class='ocr_line' id='line_1_38' title="bbox 208 4257 1287 4349; baseline -0.007 -23"><span class='ocrx_word' id='word_1_311' title='bbox 208 4259 315 4326; x_wconf 75' lang='lat' dir='ltr'>mmm</span> <span class='ocrx_word' id='word_1_312' title='bbox 331 4262 480 4327; x_wconf 86' lang='lat' dir='ltr'>annalirm</span> <span class='ocrx_word' id='word_1_313' title='bbox 502 4260 656 4349; x_wconf 88' lang='lat' dir='ltr'>septimum</span> <span class='ocrx_word' id='word_1_314' title='bbox 677 4265 723 4344; x_wconf 90' lang='grc'>(7,</span> <span class='ocrx_word' id='word_1_315' title='bbox 744 4263 778 4346; x_wconf 87' lang='lat'>8)</span> <span class='ocrx_word' id='word_1_316' title='bbox 797 4259 927 4338; x_wconf 74' lang='lat' dir='ltr'>mantio,</span> <span class='ocrx_word' id='word_1_317' title='bbox 951 4257 1080 4343; x_wconf 85' lang='lat' dir='ltr'>priorem</span> <span class='ocrx_word' id='word_1_318' title='bbox 1099 4258 1137 4321; x_wconf 91' lang='lat' dir='ltr'>ad</span> <span class='ocrx_word' id='word_1_319' title='bbox 1152 4267 1287 4323; x_wconf 79' lang='lat' dir='ltr'>octavum</span> 
     </span>
     <span class='ocr_line' id='line_1_39' title="bbox 208 4361 1287 4451; baseline -0.008 -22"><span class='ocrx_word' id='word_1_320' title='bbox 208 4365 255 4450; x_wconf 86' lang='grc'>(8,</span> <span class='ocrx_word' id='word_1_321' title='bbox 277 4370 324 4445; x_wconf 79' lang='grc'>6).</span> <span class='ocrx_word' id='word_1_322' title='bbox 348 4385 434 4448; x_wconf 80' lang='lat' dir='ltr'>quem</span> <span class='ocrx_word' id='word_1_323' title='bbox 457 4385 589 4443; x_wconf 87' lang='lat' dir='ltr'>vorsum,</span> <span class='ocrx_word' id='word_1_324' title='bbox 613 4375 645 4430; x_wconf 90' lang='lat' dir='ltr'>nt</span> <span class='ocrx_word' id='word_1_325' title='bbox 666 4374 844 4450; x_wconf 78' lang='lat' dir='ltr'>congrueret</span> <span class='ocrx_word' id='word_1_326' title='bbox 864 4361 1043 4451; x_wconf 85' lang='lat' dir='ltr'>syllabarum</span> <span class='ocrx_word' id='word_1_327' title='bbox 1059 4371 1203 4425; x_wconf 81' lang='lat' dir='ltr'>mansura</span> <span class='ocrx_word' id='word_1_328' title='bbox 1221 4373 1287 4418; x_wconf 84' lang='lat' dir='ltr'>eum</span> 
     </span>
     <span class='ocr_line' id='line_1_40' title="bbox 209 4462 1288 4554; baseline -0.011 -22"><span class='ocrx_word' id='word_1_329' title='bbox 209 4467 313 4542; x_wconf 67' lang='lat' dir='ltr'>alteo,</span> <span class='ocrx_word' id='word_1_330' title='bbox 338 4462 616 4536; x_wconf 76' lang='lat' dir='ltr'>Selmasiusexerc.</span> <span class='ocrx_word' id='word_1_331' title='bbox 633 4465 711 4534; x_wconf 90' lang='lat' dir='ltr'>Plin.</span> <span class='ocrx_word' id='word_1_332' title='bbox 728 4490 758 4554; x_wconf 89' lang='lat' dir='ltr'>p.</span> <span class='ocrx_word' id='word_1_333' title='bbox 776 4474 849 4536; x_wconf 71' lang='grc' dir='ltr'>283ΙΙ</span> <span class='ocrx_word' id='word_1_334' title='bbox 862 4466 905 4532; x_wconf 84' lang='lat' dir='ltr'>sic</span> <span class='ocrx_word' id='word_1_335' title='bbox 919 4462 1103 4532; x_wconf 76' lang='lat' dir='ltr'>rendendum</span> <span class='ocrx_word' id='word_1_336' title='bbox 1124 4479 1191 4529; x_wconf 85' lang='lat' dir='ltr'>esse</span> <span class='ocrx_word' id='word_1_337' title='bbox 1206 4466 1288 4542; x_wconf 88' lang='lat' dir='ltr'>puta-</span> 
     </span>
    </p>
   </div>
   <div class='ocr_carea' id='block_1_6' title="bbox 0 0 1488 5088">
    <p class='ocr_par' dir='ltr' id='par_1_10' title="bbox 0 0 1488 5088">
     <span class='ocr_line' id='line_1_41' title="bbox 0 0 1488 5088; baseline 0 3"><span class='ocrx_word' id='word_1_338' title='bbox 0 0 1488 5088; x_wconf 95' lang='lat' dir='ltr'> </span> 
     </span>
    </p>
   </div>
  </div>
 </body>
</html>
