2966 5088
760 405 781 467 1

229 577 333 663 sopitis
347 575 474 653 barbare
493 576 610 658 loquar,
634 576 772 640 devitant
784 584 817 638 et
837 581 980 636 concreta
996 580 1154 634 seetantnr
1167 582 1201 636 et
1215 575 1319 638 omnia

228 701 296 744 oum
312 679 449 743 snbieoto
470 689 524 742 aut
545 677 664 741 otieeto
683 676 844 755 orationis,
868 674 1009 757 quonimn
1023 673 1098 736 haee
1112 672 1237 736 maximi
1251 695 1317 738 mo-

228 782 321 846 menti
334 792 420 860 sunt,
444 791 588 863 qnantum
601 779 668 843 deri
686 767 792 862 =potest
804 777 958 842 artissime
972 774 1160 858 oooiungero
1173 775 1313 864 student,

226 882 438 948 adverbiorum
456 881 536 960 loeo,
574 901 702 965 morum
725 880 813 962 quasi
833 879 933 942 miuus
964 879 1073 962 vigent
1097 876 1253 956 notiones,
1283 891 1315 946 et

227 985 377 1050 adieetiva
393 995 424 1048 et
436 983 615 1068 pronomina
627 1003 717 1065 saepe
732 1003 859 1045 numero
871 989 1053 1066 posuerunt.
1085 978 1119 1041 in
1127 999 1188 1060 qna
1200 997 1237 1042 re
1249 977 1312 1043 tto-

226 1087 319 1165 mani,
343 1097 377 1150 ut
391 1086 468 1165 dixi,
487 1084 602 1149 maiore
620 1085 745 1148 lieentia
764 1084 814 1147 usi
835 1095 909 1147 sunt
924 1103 1013 1166 qnam
1027 1079 1151 1158 Graeci,
1176 1101 1244 1143 enm
1259 1103 1312 1146 ne-

226 1189 336 1272 gativis
358 1209 477 1272 qnoque
499 1187 657 1272 particulis
671 1186 851 1270 pronomina
863 1204 926 1248 non
944 1203 1095 1267 nunqnam
1109 1181 1322 1265 praeferrent.'

227 1300 298 1353 nota
320 1299 393 1352 sont
412 1310 489 1373 quae
511 1289 565 1352 uti
584 1291 673 1352 modo
686 1279 818 1354 Plautus
833 1298 865 1351 et
878 1287 1047 1352 Terentius
1065 1287 1222 1366 dixerunt,
1244 1289 1313 1351 nul-

226 1393 276 1454 lus
287 1391 433 1468 eredoas,
457 1393 562 1454 nodker
576 1391 760 1466 ostenderis,
783 1391 890 1454 mdlue
903 1390 1039 1465 11111111,
1063 1392 1189 1453 teneus·
1207 1389 1313 1453 nullus

225 1515 351 1557 moneas
374 1505 406 1556 et
426 1492 568 1557 similitor
587 1491 665 1556 alia:
689 1492 837 1555 dixerunt
853 1502 956 1554 autem
972 1511 1033 1554 non
1047 1502 1082 1554 ut
1096 1491 1226 1557 ridiculo
1244 1511 1314 1574 pro·

225 1595 355 1674 ferrent,
378 1594 430 1678 qni
455 1595 578 1658 videtur
594 1615 654 1657 non
675 1595 828 1658 nullorum
849 1613 1035 1672 eserenon,
1061 1594 1115 1656 sed
1129 1595 1209 1682 quod
1227 1592 1312 1678 vulgi

226 1717 397 1774 sermonem
416 1695 591 1760 retinebant
609 1708 640 1761 et
659 1703 693 1760 'ot
707 1697 832 1780 gramm
853 1689 1013 1780 negarent.¹
1038 1693 1178 1760 similiter
1190 1680 1312 1760 loeutus

226 1810 287 1877 est,
312 1809 347 1862 ut
362 1799 413 1864 vel
427 1799 631 1882 antiquissimi
652 1799 802 1862 sermonis
818 1799 869 1862 vel
884 1799 966 1882 vulgi
979 1795 1231 1862 consuetudinem
1245 1797 1312 1860 imi-

225 1909 355 1983 taretur,
377 1899 547 1985 Appuleius
566 1921 633 1966 oum
656 1901 736 1964 esini
755 1901 776 1964 1.
795 1909 813 1965 7
838 1908 944 1983 p.195
966 1898 1047 1964 Elm.
1073 1900 1110 1963 de
1124 1916 1219 1983 puero
1234 1898 1313 1962 dixit

224 2003 330 2066 nuum
351 2013 453 2068 mereo
475 2003 639 2068 desinebat
648 2003 816 2068 identidem
838 2004 950 2070 emus
968 2005 1124 2088 sanguine
1144 2003 1312 2068 delibottton

225 2103 405 2184 obtmedore,
429 2116 461 2169 et
482 2105 503 2169 1.
520 2113 541 2170 8
563 2126 594 2188 p.
610 2112 674 2170 2111
695 2124 737 2168 ao
759 2105 843 2168 nolli
858 2105 946 2168 saitis
964 2123 1024 2191 qno
1046 2106 1118 2168 looo‘
1137 2103 1312 2170 euomueri-

226 2208 289 2269 tie?
310 2207 382 2289 qnid
401 2204 480 2288 quod
499 2205 599 2288 ipsum
615 2203 663 2269 M.
679 2203 815 2269 Tullium
836 2207 868 2269 in
885 2207 1024 2290 epistolis
1040 2207 1118 2286 suis,
1142 2207 1193 2271 nbi
1211 2207 1312 2290 quoti·-

225 2307 346 2371 dianum
362 2325 535 2370 ommonem
557 2327 649 2391 soepe
675 2307 827 2391 sequitur,
857 2309 901 2372 ita
919 2309 1053 2372 loentum
1079 2329 1152 2373 esse
1183 2307 1308 2385 seimus,

223 2408 523 2487 1111111214
551 2407 738 2476 Philotimus
759 2433 821 2474 non
839 2411 929 2474 modo
951 2412 1056 2475 mdluo
1078 2413 1175 2486 venit,
1198 2411 1256 2476 sed
1271 2429 1311 2472 oe

218 2532 281 2596 per
300 2511 425 2575 litteras
444 2511 568 2597 quidem
581 2521 642 2576 out
655 2533 716 2598 per
730 2516 875 2576 nunctiant
897 2515 1058 2576 certiorem
1067 2514 1156 2597 ficit
1169 2535 1217 2578 me
1235 2509 1313 2598 quid

224 2612 339 2696 egerit,
363 2611 413 2676 oui
430 2612 532 2696 speeie
551 2614 650 2679 simile
672 2627 733 2695 est,
757 2635 792 2680 re
806 2615 872 2698 ipsa
886 2613 1041 2696 paululum
1056 2613 1158 2676 differt
1175 2622 1225 2691 ta,
1240 2621 1272 2690 3,
1291 2621 1307 2676 1

227 2711 398 2777 Commius
411 2711 509 2778 Batti
525 2717 630 2780 nullum
650 2717 764 2781 oddae.
794 2716 921 2780 etmihi
937 2724 1043 2779 notum
1057 2735 1185 2778 nomen:
1211 2713 1312 2777 bellus

224 2817 303 2878 onim
325 2835 395 2878 esee
415 2815 533 2881 dieitur·
554 2820 758 2894 architectus,
782 2818 833 2882 ubi
855 2817 1030 2903 scripserim
1052 2828 1101 2881 est
1114 2815 1312 2880 mittentem

223 2937 344 2980 maten.
374 2916 449 2984 nihii
468 2917 571 2983 differt
589 2919 672 2984 inter
685 2921 743 2983 hoe
757 2931 791 2984 et
802 2918 886 2984 Livii
899 2921 994 2986 verba
1008 2927 1061 3000 32,
1078 2927 1131 2997 35,
1149 2926 1169 2983 2
1191 2915 1311 3002 rutup-

217 3040 282 3104 pue
294 3019 400 3082 medus
418 3041 548 3107 usquam
565 3043 623 3086 nee
637 3025 769 3085 nendos
780 3022 823 3085 ub
837 3043 874 3085 eo
889 3045 950 3107 per
962 3024 1086 3108 olt'qzeot
1100 3021 1197 3083 horas
1210 3022 1310 3083 venie-

223 3119 289 3197 bat,
314 3120 347 3182 in
367 3120 477 3203 quibus
497 3121 557 3186 etsi
579 3141 655 3185 vera
675 3141 746 3185 esse
769 3122 892 3186 videtur
909 3122 1029 3185 Dukeri
1047 3120 1217 3185 oomeetioa
1242 3141 1310 3183 nam

176 3255 181 3262 ·
223 3223 302 3305 quod
325 3221 358 3284 in
378 3220 467 3283 libris
486 3222 551 3284 fere
572 3221 686 3304 legitor
699 3221 840 3307 Philippi
860 3222 980 3306 probari
1005 3243 1066 3287 non
1080 3233 1183 3307 potest
1196 3223 1308 3300 deletu,

222 3333 257 3386 ut
275 3319 301 3385 l.
317 3319 374 3385 Fr.
394 3317 570 3386 Gronovius
594 3324 759 3407 praecepit,
782 3323 821 3387 ab
841 3326 1076 3410 praepositione,
1100 3324 1239 3410 qnoniam
1252 3345 1311 3386 neo

222 3424 436 3510 particulame
459 3425 670 3510 coniungendo
693 3436 732 3493 ot
752 3429 890 3511 negando
917 3429 954 3492 ad
974 3428 1188 3492 intendendam
1217 3445 1309 3508 nega-

223 3526 336 3592 tionem
362 3524 487 3592 Livium
518 3549 581 3592 non
608 3528 787 3600 traduxisse
815 3531 970 3615 praeclare
999 3531 1102 3595 donnit
1120 3529 1165 3594 Ν.
1189 3521 1311 3592 Madvi-

223 3629 293 3713 gius
314 3649 449 3694 11111111
468 3631 561 3696 tertio
582 3631 619 3695 ad
634 3628 702 3697 Cio.
726 3633 762 3697 de
780 3634 834 3698 iin.
859 3655 889 3720 p.
907 3642 966 3700 821
984 3655 1032 3700 s.:
1058 3634 1112 3698 sed
1133 3630 1192 3695 etsi
1204 3644 1315 3694 verum.

222 3740 295 3814 puto
317 3729 436 3796 Duketi
456 3733 697 3813 eorreotionem,
728 3746 828 3803 temen
851 3759 915 3802 non
938 3737 1121 3800 dictumest
1142 3751 1310 3813 pronomen

224 3831 360 3896 adverbii
381 3831 617 3918 signifieatione‚
641 3835 758 3902 sedita
776 3840 822 3904 uti
841 3861 897 3903 nos
920 3855 1040 3922 quoque
1056 3831 1219 3914 loquimur,
1241 3833 1310 3896 mi*-

220 3933 310 4019 genu
322 3934 373 3997 ein
389 3931 566 4020 Philippus,
590 3937 638 4002 his
651 3940 739 4023 secet
756 3941 828 4004 dede
846 3939 1027 4018 comtos.
1052 3934 1189 3997 sedeam
1202 3921 1309 3999 adver·

222 4035 272 4099 itio
295 4036 437 4121 oongmit
458 4039 538 4121 quod
563 4038 687 4123 scripsit
711 4037 823 4106 Cicero
851 4041 888 4102 ed
910 4040 977 4102 Att.
995 4044 1047 4115 15,
1060 4041 1102 4102 21
1120 4055 1185 4121 *ege
1206 4047 1306 4102 eutem

221 4140 340 4223 emtq‘ost‘
358 4136 493 4204 sentem
512 4139 698 4218 adventare,
734 4163 796 4205 noo
818 4161 878 4226 quo
897 4142 959 4203 inm
980 4137 1119 4215 adesset,
1155 4137 1214 4201 sed
1232 4139 1306 4225 quia

223 4249 307 4302 omo
328 4241 365 4304 id
383 4249 499 4327 ageret
517 4241 558 4305 ab
577 4244 734 4328 maioque
756 4241 861 4305 11111111
882 4239 1067 4318 deuoueret,
1092 4250 1124 4304 et
1147 4247 1198 4318 15,
1216 4247 1303 4317 eut

221 4339 267 4404 od
278 4337 328 4405 M.
345 4342 475 4406 Aeliam
494 4343 602 4406 nullus
616 4352 650 4404 tu
671 4341 792 4426 quidem
806 4341 938 4419 doment,
961 4343 1019 4408 sed
1030 4343 1135 4407 sinodi
1145 4342 1304 4406 titeidm't.

220 4459 327 4508 verum
342 4442 483 4527 quonium
496 4443 529 4508 in
544 4443 598 4508 hoo
614 4441 761 4508 orationis
777 4445 874 4511 111111
887 4444 994 4513 mirum
1010 4465 1082 4513 esso
1096 4441 1257 4510 videbator
1274 4453 1306 4506 et
