2966 5088
818 441 861 510 80

297 637 394 682 noves
406 615 542 704 afflictus
554 621 648 702 oque
659 616 692 678 in
703 613 796 679 lo'toro
810 613 926 680 eleetos
937 633 1018 692 esso,
1040 613 1125 701 qood
1137 633 1234 702 napos
1248 633 1390 683 moros

288 718 448 804 sanesque
465 719 652 782 remanent
670 737 770 802 aeque
787 727 903 796 anama
921 716 1212 804 gudouatorespue
1235 717 1296 784 aaa
1310 721 1391 802 pati

298 819 487 907 tempestato
503 827 653 904 possent:
676 820 783 904 itaque
803 837 853 882 eu.
866 839 903 882 eo
921 838 1075 882 concursu
1092 819 1217 881 nooman
1234 838 1386 904 mogmm

297 943 366 986 ease
392 918 613 984 eboommodam
634 929 804 1004 aoooptum.
841 918 972 1006 amissae
997 929 1085 984 erant
1106 915 1229 982 circiter
1257 920 1386 1002 quadra-

296 1024 381 1110 ginta
403 1041 498 1086 naves
518 1022 565 1104 (5,
581 1020 645 1100 ll).
672 1019 799 1102 denique
820 1041 886 1084 eum
900 1013 937 1084 'in
959 1017 1089 1084 Galliam
1109 1017 1210 1082 redire
1232 1021 1328 1085 vellet
1351 1033 1385 1086 et

296 1125 411 1192 duobus
436 1121 649 1187 oommeatibns
672 1121 840 1185 exereitum
867 1132 1025 1206 reportare
1053 1120 1241 1198 institueret,
1271 1122 1382 1188 exeis

295 1226 422 1293 navibus
439 1245 514 1309 quae
528 1222 636 1288 inanes
660 1243 701 1286 ex
715 1222 882 1287 continenti
896 1223 934 1287 ad
948 1244 1015 1288 eum
1028 1221 1259 1288 remittebantur
1273 1223 1382 1308 priori-

295 1331 351 1394 bus
365 1327 514 1411 expositis
529 1323 670 1388 militibus
695 1334 727 1388 et
747 1345 821 1409 quas
837 1335 944 1409 postea
957 1321 1112 1388 Labienus
1126 1322 1279 1388 moiendas
1294 1345 1380 1389 enra-

294 1440 394 1508 verat,
418 1425 735 1509 numerosexaginta,
757 1447 923 1512 perpaucae
945 1427 1042 1490 loeum
1061 1435 1221 1509 oepemnta
1245 1424 1379 1509 reliquae

294 1532 360 1596 fere
373 1549 478 1594 omnes
492 1517 713 1592 reieeme'sum
728 1528 776 1615 (5,
791 1533 861 1612 28).
891 1527 991 1611 itaque
1012 1548 1078 1592 oum
1093 1521 1250 1591 Oeeannm
1264 1528 1379 1612 magni·

292 1631 431 1697 boentius
445 1629 546 1696 dioere
560 1641 666 1712 posset
682 1625 833 1707 Catullus,
856 1649 918 1692 non
930 1628 1028 1694 minna
1043 1628 1189 1714 graviter,
1204 1629 1259 1692 sed
1274 1629 1376 1712 pulere

293 1733 446 1798 landola
466 1752 583 1818 aequor
602 1731 691 1811 dixit,
713 1752 771 1814 quo
793 1730 994 1815 periculosum
1014 1751 1098 1795 mare
1118 1728 1317 1796 describeret.
1347 1730 1378 1793 id

294 1836 373 1920 qnod
394 1834 466 1898 mibi
488 1831 606 1918 quidem
625 1833 837 1916 propemodum
862 1832 959 1916 aptius
981 1834 1090 1896 taomm
1113 1851 1184 1896 esse
1204 1831 1326 1895 videtur
1345 1830 1377 1894 in

294 1935 351 2000 boe
365 1935 497 2000 earmina
507 1954 598 2017 apuam
620 1935 647 1997 si
664 1930 780 1999 anani
792 1933 937 1998 vocabulo
952 1955 1027 1999 usus*
1039 1943 1134 1998 esset.
1159 1932 1204 1996 sio
1219 1933 1299 1996 enim
1311 1934 1377 2000 lou·

293 2055 363 2122 gmn
375 2037 437 2102 iter
450 2035 672 2120 mgnilioaretur
688 2036 802 2120 pariter
815 2046 904 2119 atque
920 2035 952 2098 in
966 2035 1108 2118 reliquias
1133 2035 1188 2098 sed
1211 2033 1260 2118 qni
1281 2033 1376 2118 potnit

294 2136 432 2206 Catullus
450 2136 694 2202 molestissimam
713 2135 800 2202 Furii
819 2147 851 2201 et
871 2137 1001 2216 Aurelii,
1031 2136 1113 2200 nulla
1133 2154 1235 2201 secum
1256 2135 1376 2199 sineere
1459 2135 1460 2142 ’

292 2237 682 2317 momentanearum,
706 2240 761 2302 sed
782 2238 994 2322 parasitorum,
1018 2235 1223 2301 assiduitatem
1237 2235 1374 2301 aoerbins

291 2341 501 2426 perstringere
521 2359 607 2422 qulam
626 2338 655 2402 si
669 2348 791 2421 paratos
807 2359 861 2404 eos
881 2338 997 2402 dioeret
1010 2339 1048 2402 ad
1063 2335 1254 2421 suscipienda
1265 2358 1374 2422 magna

291 2453 325 2508 et
336 2440 458 2526 cognita
471 2439 618 2505 Romanis
632 2439 700 2504 istis
719 2461 791 2523 qtras
808 2436 927 2505 Caesar
940 2439 1076 2516 nmuapit
1085 2438 1306 2504 summitatibus
1321 2459 1374 2524 pe·

290 2543 406 2608 rioulal
425 2552 457 2606 at
478 2551 538 2604 tam
555 2540 622 2606 fidis
643 2551 761 2624 musque
778 2540 905 2606 fortibus
925 2541 1042 2606 sedicet
1053 2539 1156 2604 amieis
1172 2540 1282 2620 subito,
1305 2560 1373 2604 eum

290 2644 381 2728 longe
399 2643 458 2708 alia
477 2641 586 2706 dietum
607 2643 646 2706 iri
660 2654 866 2728 expectamus,
889 2644 1010 2708 mandat
1022 2653 1054 2706 ut
1068 2663 1134 2706 oum
1150 2642 1301 2726 aliquanto
1316 2643 1372 2704 mi·
1458 2653 1459 2678 ³

290 2763 365 2810 nore
387 2742 520 2828 perionlo
541 2740 667 2810 Clodiae
698 2744 889 2831 turpitudinis
905 2743 1143 2810 eliminationem
1172 2755 1203 2809 et
1227 2753 1370 2808 mutatum

288 2845 355 2910 dns
369 2845 455 2930 eulpa
468 2855 575 2930 poetae
590 2846 720 2910 animum
733 2849 923 2914 rennnoient.

373 2945 493 3013 Deinde
509 2947 537 3011 si
552 2947 600 3011 eui
611 2947 729 3012 libitum
740 2949 833 3015 luerit
846 2971 916 3016 esse
930 2950 1041 3026 faeeto,
1061 2967 1203 3030 aquosam
1219 2946 1370 3032 appellare
1457 2941 1458 2956 ³

288 3049 399 3136 poterit
418 3049 495 3116 hano
516 3049 756 3115 emendationem
776 3063 808 3117 et
826 3071 939 3136 negare
954 3049 1120 3114 verendum
1134 3049 1228 3116 finisse
1247 3071 1286 3114 ne
1298 3061 1369 3134 post

285 3149 373 3216 ane
386 3152 484 3216 undae
502 3160 535 3214 et
553 3147 620 3213 Nili
638 3150 708 3214 limo
732 3173 788 3216 sno
802 3172 932 3236 aequora
946 3150 1109 3218 eolorantis
1125 3162 1157 3214 et
1170 3149 1272 3214 Rheni
1285 3171 1368 3215 eom·
1456 3207 1457 3236 ,

286 3250 533 3316 memorationem
548 3250 661 3314 aiooum
675 3252 831 3318 videretur
850 3253 908 3318 boo
920 3253 1042 3317 eaimen
1056 3253 1115 3316 nisi
1127 3253 1194 3336 plus
1209 3271 1302 3335 aquae
1320 3252 1368 3317 in-

286 3351 473 3414 funderetur.
498 3351 546 3416 oui
558 3352 646 3416 facile
661 3353 841 3436 responderi
856 3363 967 3438 potest.
991 3353 1128 3418 mamista
1139 3352 1239 3417 omnia
1252 3351 1295 3416 nil
1307 3353 1367 3418 nisi

285 3449 464 3536 longinquas
478 3451 621 3536 regiones
640 3452 827 3534 deseribuut,
850 3454 898 3520 hie
911 3453 1063 3520 bomim'le
1076 3476 1193 3542 aequor
1209 3475 1294 3518 sunm
1309 3453 1366 3518 sibi
1455 3509 1456 3520 ,

284 3551 375 3620 babet
386 3553 501 3638 pondus
516 3575 658 3640 suamque
670 3555 874 3620 acrimoniam.

366 3653 467 3720 Peme
480 3656 793 3742 displioebitlortnsse
808 3681 869 3724 non
886 3659 976 3726 nnlbs
990 3657 1079 3744 qnod,
1096 3669 1252 3742 postquam
1260 3657 1364 3724 Catul-

282 3756 330 3822 tm
340 3753 374 3818 ln
385 3758 584 3822 antecedente
596 3760 720 3845 stropha
732 3783 869 3849 aequora
881 3770 1157 3836 commemorasset,
1173 3761 1282 3826 iterum
1296 3785 1363 3830 eum

281 3874 400 3942 nequem
418 3855 534 3921 dixisse
553 3859 736 3926 existimem.
774 3863 829 3928 sed
850 3873 884 3925 nt
905 3860 1087 3926 evitaverint
1107 3857 1240 3944 plerique
1254 3877 1362 3947 poetae

280 3951 385 4022 Latini
394 3954 482 4024 istius
497 3959 576 4026 modi
589 3961 801 4027 uocabulorum
813 3962 1016 4037 iterationem,
1039 3969 1139 4023 mmen
1154 3981 1216 4028 non
1232 3965 1362 4030 omnium
1453 4019 1454 4024 ,

281 4077 379 4144 neque
394 4059 475 4124 omni
487 4071 587 4129 aetate
600 4063 704 4127 eadem
718 4063 775 4126 fnit
788 4061 952 4146 diligentia.
976 4060 1070 4128 veluti
1090 4081 1223 4130 summus
1239 4067 1359 4150 copiose

272 4159 399 4228 dicendi
422 4160 535 4226 mtilex
550 4160 598 4228 M.
614 4162 732 4228 'l'ullins
746 4160 870 4243 Gieero,
905 4183 972 4228 eum
988 4160 1098 4230 Aratis
1116 4165 1240 4232 iuvenili
1260 4164 1357 4230 studio

280 4261 500 4343 oomorlber'et,
522 4262 629 4330 mirum
650 4273 704 4346 ast,
719 4286 806 4348 qnam
821 4285 911 4351 saepe
931 4263 964 4329 in
978 4267 1083 4332 eadem
1097 4268 1191 4334 uerba
1203 4260 1356 4333 insiderit:

278 4362 368 4428 edam
379 4360 542 4432 Lueren'us
559 4368 668 4434 ‚eadem
686 4387 777 4453 saepe
790 4365 936 4432 uocabula
950 4370 1062 4454 repetit
1075 4381 1108 4435 et
1127 4383 1187 4434 non
1207 4372 1355 4446 nunquam

278 4462 357 4532 baud
375 4484 451 4536 tane
471 4469 640 4554 eleganter.
673 4471 753 4538 nudo
772 4489 896 4536 versuum
914 4470 1042 4556 adonem
1062 4471 1127 4536 eins
1150 4487 1210 4531 non
1225 4463 1356 4532 absume
1451 4503 1452 4530 t
