2966 5088
693 447 734 516 61

255 621 361 710 ltaque
382 622 409 687 si
430 631 514 686 reete
533 619 746 706 disputavimus
773 629 805 686 et
832 621 906 687 nini}
927 637 982 686 uos
1003 625 1088 710 fugit,
1126 619 1262 696 videnum

165 729 336 795 Pindarum
356 747 423 789 eum
444 723 608 788 insolentia
628 724 745 808 quidem
765 723 864 806 aliqua
884 727 1032 794 munuum
1052 729 1106 789 καλ
1118 731 1263 813 ροιιλοιιλσ

168 855 231 896 non
253 849 405 913 nunquam
425 847 512 890 usum
532 844 613 904 esse,
643 847 699 893 nee
717 837 817 890 ιοιιιοιι
838 827 1012 912 simplieiter
1033 830 1190 895 uniemsse
1211 855 1262 898 eo·

167 934 331 1020 palativam
345 929 531 1015 particulam,
549 939 582 993 ut
593 924 697 992 Latini
712 939 818 1014 poetae
832 939 864 993 et
877 929 949 993 ittut
960 931 1259 1000 suumtraieoeroata

169 1047 340 1101 ceterorum
353 1032 543 1115 antiquorum
559 1042 711 1117 poetarum
724 1031 837 1096 nullum
855 1031 1013 1098 truieoisse
1033 1035 1152 1118 reperio
1174 1055 1262 1120 prae·

173 1150 224 1202 ter
237 1139 473 1213 Ammontem,
487 1135 515 1198 si
529 1133 599 1198 Teii
610 1134 813 1198 Anacreontis
825 1134 1006 1218 epigramma
1022 1145 1069 1198 est
1083 1137 1160 1220 quod
1175 1139 1258 1205 outlt.

175 1234 244 1302 l’al.
258 1245 289 1316 1,
308 1243 412 1322 pilio
433 1235 554 1322 legitur,
581 1237 626 1298 ‘H
640 1233 693 1301 τὸν
714 1234 835 1316 θύρσον
850 1233 950 1319 ἔχοοσ’
966 1236 1154 1313 Ἑλινανιάς,
1177 1243 1216 1302 αι’
1228 1261 1262 1303 σι

178 1337 245 1426 παρ’
270 1336 361 1415 αὑτήν
381 1337 549 1415 Ξανθλιπιη
570 1336 694 1414 Γλαύκη
715 1335 738 1398 ν’
764 1333 904 1423 έςχόρον
925 1335 1084 1422 ἐρχόμεναι
1100 1337 1153 1414 Ἐξ
1174 1338 1262 1427 ὄρρος

174 1445 316 1530 χωροῦσι,
345 1437 493 1523 Διωνύσῳ
521 1439 555 1500 δέ
577 1437 724 1524 φέρουσιν
740 1436 873 1513 Κισσόν,
904 1441 958 1501 sol
976 1440 1141 1522 monopoleis,
1169 1444 1261 1507 πίονα

174 1546 226 1606 καὶ
240 1545 378 1627 χίμαρον.
400 1562 506 1606 verum
520 1551 621 1606 utrum
638 1539 708 1604 Teii
715 1551 830 1624 poetae
845 1541 946 1604 omnin
958 1543 1019 1606 ista
1038 1542 1100 1607 sint
1115 1544 1261 1629 epigram-

174 1657 258 1709 mata
281 1642 403 1727 quaein
421 1643 608 1727 Anthologia
628 1640 814 1706 Anacreonti
831 1643 1042 1722 attribuumtnm
1067 1663 1164 1711 neone
1185 1648 1258 1727 siat,

173 1747 296 1812 multum
310 1745 427 1809 videtur
445 1765 538 1830 posse
561 1743 707 1809 dubitarit
731 1763 900 1826 quanqum
917 1746 1022 1830 elegos
1042 1747 1108 1811 eius
1130 1769 1261 1818 coronae

174 1871 248 1915 suae
264 1869 299 1913 se
312 1848 483 1912 intexuisse
497 1846 659 1932 Meleager
678 1845 721 1909 nit
737 1854 768 1925 1,
785 1853 863 1912 33ι.
902 1847 930 1911 si
952 1858 1051 1911 οιιιοιιι
1069 1850 1187 1914 truieeti
1209 1852 1263 1914 ιιαλ

173 1950 336 2038 οοριιλοιίνί
356 1949 466 2014 nullum
495 1961 610 2015 eertum
630 1947 799 2033 exemplum
822 1947 899 2031 apud
920 1948 1002 2012 illius
1025 1950 1134 2016 aetatis
1153 1962 1259 2036 poetes

171 2054 334 2140 reperitur,
358 2061 392 2114 ut
413 2052 549 2134 equidem
569 2051 680 2116 nudum
700 2047 834 2134 reperire
854 2051 947 2132 potui,
973 2051 1030 2115 hoo
1048 2063 1132 2118 oerte
1154 2073 1261 2136 poemn

172 2157 210 2222 ab
227 2177 265 2220 eo
282 2151 507 2218 abindiuaudum
522 2155 591 2219 erit.
608 2150 799 2235 nequeenim
815 2150 970 2234 quiequam
981 2153 1152 2236 prodesset,
1163 2155 1258 2238 siquis

173 2264 364 2340 compararet
386 2254 462 2336 quod
482 2255 557 2340 apud
570 2253 733 2319 Homerum
747 2253 858 2336 legitur
870 2251 906 2316 ll.
926 2261 976 2331 18,
995 2261 1068 2333 583,
1092 2255 1262 2337 Σταθμοιλς

172 2382 206 2422 τε
225 2355 342 2428 κλισίας
356 2375 387 2418 τε
406 2357 593 2444 κατηρεφέας
612 2357 657 2420 ἰδέ
678 2353 801 2433 σηκούς.
823 2375 900 2434 *uam
914 2355 1038 2440 primurn
1052 2357 1089 2419 tle
1103 2356 1156 2418 ναλ
1166 2357 1261 2441 perti·

173 2461 241 2527 oula
253 2457 450 2542 disputamus,
474 2465 536 2523 ιιοιι
552 2459 589 2522 de
605 2457 655 2520 ἰδέ
667 2455 738 2522 illo=
770 2455 878 2522 deiude
889 2457 986 2541 ipsum
1000 2477 1119 2543 quoque
1134 2458 1191 2523 hoo
1205 2483 1260 2522 να-

169 2560 321 2651 ιηριφέας
339 2561 384 2622 ἰδέ
403 2559 516 2638 σηκοὺς
535 2561 704 2626 insolenter
722 2559 832 2624 dietum
847 2569 904 2637 est,
927 2571 962 2624 ut
975 2561 1012 2625 de
1029 2561 1260 2647 malettoparti·

174 2665 240 2732 oulo
258 2660 401 2730 assentiri
420 2661 551 2726 dubitem
572 2673 604 2727 et
623 2662 690 2726 aliis
711 2672 743 2727 et
762 2657 788 2723 l.
805 2657 846 2723 ll.
863 2657 991 2742 Vossio‚
1021 2663 1059 2729 ed
1079 2662 1110 2727 h.
1130 2663 1163 2727 in
1182 2661 1257 2730 Cer.

173 2789 204 2854 p.
223 2773 280 2833 6οι
304 2763 404 2850 quidni
418 2763 499 2827 enim
517 2763 707 2852 κατηρεφέας
724 2761 782 2826 diei
797 2773 937 2846 putemus
950 2763 1067 2838 ιιιιισλας
1079 2773 1132 2828 aut
1145 2766 1261 2848 pariter

173 2865 329 2949 σταθμούς
344 2876 374 2930 et
389 2865 506 2938 ιιλισλας
520 2876 551 2931 et
565 2865 677 2943 σηκούς
689 2864 802 2930 etiami

260 2965 323 3034 Set
338 2967 410 3041 σούς
423 2968 584 3054 νεωτέρους
597 2989 671 3054 quos
685 2969 787 3032 dieunt
798 2966 956 3030 ιιοίσοίσισ
969 2982 1031 3030 non
1046 2985 1194 3049 nunqnam
1208 2967 1262 3034 sot

170 3069 348 3160 particulam
363 3081 453 3134 ιιιιιοο
466 3069 644 3154 signifioavi.
666 3069 710 3134 ita
728 3069 807 3134 enim
822 3069 914 3133 loenti
935 3077 1007 3134 sunt
1020 3065 1188 3154 Dionysius
1207 3090 1259 3156 pe·

172 3175 305 3260 riegetts
322 3177 382 3238 338
392 3193 435 3251 s.,
458 3173 558 3234 Κεῒθι
568 3163 678 3244 Μελας
691 3172 743 3235 eni
758 3169 868 3245 νόλπος
882 3168 927 3252 ἔφ’
941 3169 1153 3248 Ἑλλὴςποντσν
1165 3171 1258 3248 ἵησιν,

169 3271 291 3362 ’Appio
310 3271 513 3360 ἐρευγόμειος,
537 3269 693 3360 Oppianus
717 3273 768 3358 qui
779 3275 1177 3360 martaronensem,
1199 3273 1261 3336 At-

171 3375 274 3461 νεέδην
302 3377 409 3453 Θησῆα
435 3377 488 3437 καλ
505 3377 655 3453 Αἰολίδην
671 3373 863 3458 Ἀθάμαντα,
891 3373 1023 3438 bitoito
1044 3375 1099 3439 ναλ
1112 3371 1261 3462 Πρόκνην

172 3479 226 3542 ναῒ
252 3475 402 3564 Θρηικίην
425 3476 608 3560 Φιλομήλην,
632 3475 779 3541 Μοιισιλιι)
793 3484 825 3553 ’3,
847 3483 917 3541 ist.
934 3475 1034 3538 ’Ὄσσα
1052 3475 1108 3556 pb
1127 3474 1261 3552 ἀλλήλοιν

173 3579 271 3650 οἴκοις
290 3577 421 3640 τελέουσι
438 3578 594 3664 ,θρόνοισιν
603 3576 745 3664 Ἀστέρος
755 3575 862 3657 Ἠελλῳ
875 3596 907 3637 σε
919 3573 1261 3659 πνραιλιλθονιισσνέν·

173 3699 233 3753 τις,
253 3675 389 3743 Ὀιιπόσα
408 3681 460 3743 καλ
482 3681 594 3764 νιραῆς
613 3678 765 3758 συναφαῖς
780 3674 921 3758 arripuero
938 3673 1084 3753 Σελήνης,
1110 3673 1164 3740 Ἑν
1182 3696 1261 3764 σιρο-

173 3778 276 3867 τέραις
296 3779 443 3846 σελλιλιοοι
460 3778 526 3863 μάλ’
549 3777 699 3865 σ’σρονέως
720 3777 879 3852 emutatu-
910 3779 985 3840 Νῦν
1006 3777 1044 3840 δέ
1059 3789 1092 3844 et
1111 3796 1189 3864 queo
1208 3799 1260 3846 νῦν

172 3889 316 3966 quantur.
354 3885 461 3950 eodem
481 3879 625 3968 pertinet,
649 3879 686 3944 tle
704 3901 763 3964 qao
782 3877 977 3945 Hermannua
1002 3881 1080 3946 &it
1098 3903 1203 3968 opnso.
1223 3891 1257 3961 ο,

174 3989 247 4063 167,
284 3983 443 4051 traieotm
468 3981 693 4049 aManetlrone
716 3983 770 4046 ναι
787 4005 833 4058 σι,
862 3990 896 4062 2,
916 3989 980 4048 484
995 4001 1039 4060 s.,
1074 3980 1179 4062 σἠσθιὶ
1207 3984 1261 4044 ναι

170 4083 316 4170 ὕπελροχα
336 4083 411 4172 ἔργα
428 4085 566 4170 φέρουσα
580 4085 724 4160 Μείζονα
741 4083 829 4148 ναλέ
846 4081 960 4170 ὀρλδηλ
978 4079 1068 4163 iyou'
1084 4079 1262 4167 ὄνθρολιιοις

171 4181 330 4266 ιἰνιλρηνιν,
354 4198 387 4249 et
404 4191 435 4264 3,
456 4189 533 4264 334,
555 4188 672 4252 uisura
696 4187 750 4250 stul
774 4185 797 4248 ν’
828 4179 931 4256 ἄλλοις
959 4181 1192 4268 έπιριαρτνρλιις
1213 4205 1262 4246 σοι

169 4285 300 4349 λέουσιν.
630 4327 632 4332 ,
852 4328 855 4334 ·
1032 4332 1035 4340 .
1214 4320 1217 4329 ·

255 4379 424 4466 Prteoipne
448 4393 550 4448 οιιιοιιι
572 4385 819 4473 epigrammatum
842 4383 1009 4470 sumptores
1028 4381 1174 4449 vitentur
1199 4405 1263 4452 non

169 4505 321 4572 nunqnam
335 4484 390 4548 ιιαλ
403 4495 473 4569 pest
487 4483 605 4553 initium
621 4487 774 4554 euuueinti
787 4489 968 4554 οσιιοσονιο.
983 4504 1077 4555 unum
1092 4489 1265 4573 sumptu
