2966 5088
706 415 747 482 bb

267 581 330 650 Sed
347 584 395 648 blo
410 584 531 669 paulum
545 583 724 662 consistam,
749 593 783 652 ut
803 585 884 650 bunc
899 584 998 650 locum
1013 583 1187 652 accuratius
1202 605 1271 670 per·

182 697 321 753 tractem.
345 705 415 751 uana
429 685 510 770 qnod
524 684 589 750 dixi
600 705 663 750 non
676 685 818 750 collocari
839 707 878 752 no
892 686 1066 768 particulam
1087 699 1159 754 ants
1179 709 1197 752 o
1209 709 1272 776 gp

181 788 311 867 litteras,
333 788 365 852 id
383 809 445 851 non
462 797 580 851 mutum
594 787 632 850 ad
649 783 802 854 Catullum
815 785 960 870 pertinet.
992 787 1135 854 dixerunt
1156 790 1193 854 de
1214 788 1271 858 bac

181 911 216 956 re
231 887 427 954 Burmannus
440 901 530 972 atque
545 871 778 971 Oudendorpius
792 888 831 952 ad
845 883 1025 967 Caesarem,
1036 885 1171 954 Michnel
1185 887 1270 954 lieu·

182 992 326 1075 singcrus
347 991 467 1084 emend.
491 1011 521 1075 p.
544 996 620 1068 456,
643 988 712 1054 alii:
743 988 831 1054 bodie
850 989 924 1054 talia
945 991 1011 1054 fere
1033 989 1201 1074 neglegunt
1218 1001 1272 1056 ant

180 1103 309 1176 negant,
332 1102 509 1175 argumenta
519 1091 718 1175 ¹requirentes
738 1101 770 1154 et
783 1090 971 1156 ratiunculas
987 1091 1204 1156 concludentes
1221 1091 1271 1156 nbi

181 1205 255 1260 anto
270 1193 370 1259 omnia
383 1203 525 1258 accurata
540 1214 614 1260 usus
631 1191 844 1256 observatione
860 1213 937 1277 opus
951 1204 1012 1258 est.
1027 1191 1124 1258 veluti
1131 1190 1270 1280 blandius

182 1292 280 1358 Tuas.
297 1302 327 1372 1,
344 1301 408 1362 457
422 1294 583 1362 verium
596 1295 721 1378 regulae
736 1305 830 1376 negat
840 1305 1001 1378 propterea
1011 1293 1090 1376 quod
1104 1294 1219 1360 marco
1240 1304 1272 1358 et

182 1398 328 1482 conspetu
338 1408 372 1460 et
384 1395 524 1459 similiter
531 1396 628 1476 multa
636 1396 786 1462 deantur.
803 1395 903 1480 possit
915 1395 1025 1480 aliquis
1034 1415 1186 1480 opponere
1200 1417 1270 1480 pro·

182 1508 251 1582 pter
267 1498 344 1562 banc
361 1497 458 1583 ipsam
481 1518 547 1562 rem
566 1497 693 1563 vitatam
715 1519 786 1564 csse
804 1497 895 1562 istam
914 1496 1081 1581 pmticulm
1097 1497 1269 1564 collocatio·

182 1621 266 1678 nem,
288 1621 328 1666 ne
344 1599 463 1666 coirent
479 1597 728 1682 pronunciatione
745 1599 906 1666 vocabula:
931 1598 1118 1666 nondictum
1138 1619 1209 1665 esso
1229 1621 1269 1668 nc
1349 1675 1352 1682 ,

181 1701 318 1778 coluere,
346 1723 385 1766 ne
413 1700 571 1770 audiretur
590 1701 773 1767 accoluere:
797 1701 869 1778 scd„
896 1710 933 1764 ut
948 1699 1026 1778 dixi,
1048 1700 1217 1769 rationibus
1235 1701 1268 1770 in

182 1803 235 1868 tali
253 1823 289 1868 re
311 1824 372 1868 non
392 1803 519 1868 multum
537 1802 675 1868 efficitur.
700 1802 861 1874 ¹diversam
877 1801 1059 1885 scriptorum
1073 1803 1268 1870 consuetudi-

180 1925 250 1972 uem
266 1905 397 1968 nondum
416 1904 493 1969 satis
516 1903 687 1988 explorari,
712 1902 767 1968 sed
784 1913 890 1988 poetas
902 1901 1000 1994 bonos
1014 1914 1086 1968 anto
1104 1903 1172 1970 illas
1184 1905 1267 1970 litte·

182 2025 234 2070 ras
255 2027 294 2070 oe
315 2005 491 2089 particulam
513 2027 575 2072 uon
596 2005 740 2089 posuisse
760 2005 871 2072 docere
891 2024 983 2088 posse
1005 2003 1206 2072 mibivideori
1229 2008 1267 2074 dc

182 2103 315 2188 Virgilio
335 2117 420 2173 certo
442 2117 579 2174 censete
618 2106 651 2170 in
671 2099 794 2174 Horatii
812 2125 906 2170 versu
928 2115 988 2170 sat.
1011 2113 1043 2186 1,
1060 2112 1092 2185 3,
1108 2113 1149 2174 58
1170 2107 1266 2176 ialsus

181 2226 254 2272 esse
267 2207 388 2274 ridetur
401 2208 583 2296 coniectura
590 2205 764 2285 Beotleius,
780 2225 848 2274 cum
860 2207 1012 2274 scriberet
1026 2207 1135 2288 ,Tenc
1159 2223 1197 2274 oc
1214 2231 1265 2274 co·

177 2329 316 2394 gemmeo
332 2311 455 2395 pingui
473 2311 601 2376 mus.-
631 2311 710 2392 qnod
739 2308 875 2393 plerique
905 2309 1109 2394 scripserunt,
1143 2310 1266 2397 probor

178 2411 251 2495 parab
271 2409 554 2490 Notncemsosce,
576 2413 705 2478 annom
719 2411 878 2480 ,deornm
899 2413 1001 2488 bomo,
1022 2411 1077 2476 illi
1094 2411 1201 2478 Turdo
1215 2435 1266 2476 co·

177 2531 314 2596 gnomon
331 2515 452 2598 pingat
470 2513 591 2589 (144444,
624 2511 763 2597 intellegi
782 2532 874 2598 posse
892 2513 1019 2598 largior,
1040 2513 1129 2578 mode
1143 2534 1183 2578 ne
1197 2535 1274 2580 cnm·

182 2607 301 2682 0reliio
321 2624 413 2697 atqua
434 2616 504 2688 aliis
523 2617 651 2683 44444444
673 2616 824 2682 demum
836 2615 926 2680 bomo
944 2616 981 2679 ad
996 2615 1266 2699 reprehensionem

180 2715 337 2798 pertinere
352 2717 536 2795 existimes.
548 2718 643 2799 mpltc
658 2717 740 2782 enim
754 2717 871 2783 rectus
888 2717 974 2800 probi
988 2727 1020 2783 et
1034 2717 1160 2784 demissi
1175 2739 1266 2786 voan-

181 2815 254 2878 bula
274 2816 481 2882 coniunxerat
497 2814 677 2884 Beotleiusa
710 2817 765 2885 sed
786 2839 854 2882 oum
874 2817 908 2882 in
927 2818 1139 2900 antiquissimo
1161 2821 1265 2888 codice

181 2913 395 2997 Blandiniano‚
418 2939 517 3004 aquo
539 2919 607 2984 sine
624 2942 741 2986 summa
761 2920 948 2986 necessitate
968 2939 1031 2982 non
1050 2919 1266 2988 discedendum

180 3029 243 3096 ast,
273 3003 428 3104 Crnquius
450 3021 604 3089 invenerit
623 3023 691 3099 ille,
715 3021 877 3090 Beotleius
899 3031 1000 3086 autem
1019 3031 1105 3086 reete
1125 3021 1266 3090 sensisse

179 3120 322 3186 videatur
340 3114 429 3206 auam
449 3124 528 3188 male
548 3124 627 3191 tardi
645 3135 680 3188 et
699 3127 820 3210 pinguis
835 3123 983 3190 vocabule
1002 3143 1070 3188 ase
1085 3144 1266 3208 separaren-

172 3233 244 3302 tur,
274 3236 348 3309 puto
369 3223 545 3294 Bentleium
565 3226 598 3290 in
618 3226 900 3313 partiotdaclorma
916 3245 1054 3305 errasse,
1079 3226 1116 3290 de
1137 3227 1265 3312 relicus

179 3325 333 3398 iudicasse
353 3327 528 3394 verissime.
560 3350 630 3394 nam
648 3328 812 3413 scripsisse
833 3329 955 3398 videtur
974 3325 1122 3396 Horatius
1142 3327 1266 3396 Probata

179 3430 251 3513 quie
270 3427 441 3494 Nodztmem
459 3431 548 3506 oior't,
570 3433 699 3496 maiman
719 3432 870 3498 4444444444
893 3434 982 3497 bomo
1003 3432 1078 3496 tile.-
1105 3429 1212 3499 Tarde
1236 3444 1269 3498 et

179 3553 349 3616 cognomen
358 3534 481 3618 pingui
492 3531 611 3598 damna.
633 3529 801 3598 Lucretius
816 3533 912 3595 simut
925 3552 965 3594 ae
979 3531 1142 3614 particulas
1156 3545 1267 3620 anteg

179 3629 312 3696 litteram
330 3632 421 3698 habet
443 3638 475 3710 6,
490 3639 566 3710 440,
602 3634 699 3714 Quam
714 3633 810 3694 saiand
826 3651 864 3694 oc
875 3629 1046 3715 pauidam
1061 3630 1204 3696 decede
1223 3635 1268 3698 ed

180 3736 442 3824 wquoroponta':
467 3753 525 3799 nec
546 3733 646 3816 potnit
658 3732 750 3804 aliter
763 3731 877 3810 dicere,
900 3751 969 3796 oum
982 3730 1140 3816 ignoraret
1150 3736 1266 3820 pariter

178 3844 269 3915 atque
288 3832 430 3902 Catullus
453 3844 486 3902 et
505 3832 652 3914 Horatius
673 3835 823 3898 aa'rnulmt
842 3833 1057 3919 particularum
1078 3837 1266 3905 coniunctio·

180 3950 263 4011 nem,
286 3957 346 4017 qua
361 3938 427 4004 sola
442 3957 530 4002 usam
545 3957 617 4002 esse
632 3935 796 4021 Virgilium
807 3937 952 4022 egregins
965 3937 1119 4004 litterator
1130 3937 1266 4006 Frideri·

180 4052 235 4096 cns
247 4029 377 4104 Iacobus
390 4037 606 4105 animadvertit
624 4039 676 4123 (ad
694 4035 936 4124 Prop.p.166).
972 4039 1087 4105 eisdem
1107 4040 1264 4124 particulis

179 4151 256 4201 usus
279 4145 410 4202 estnon
432 4159 597 4220 nunquam,
625 4141 680 4204 sed
699 4161 783 4219 raro,
808 4138 938 4206 Cicero:
969 4141 1067 4225 quode
1087 4139 1264 4226 Madvigius

178 4234 257 4304 dixit
272 4237 312 4305 ad
325 4236 421 4304 libros
433 4241 471 4304 de
485 4240 538 4306 bn.
560 4262 589 4326 p.
599 4248 662 4310 203
678 4254 711 4308 et
724 4249 798 4312 869.
823 4243 877 4310 sed
893 4238 1043 4308 abstinuit
1056 4241 1101 4308 eis
1114 4238 1263 4310 Ovidius:

177 4359 271 4422 quare
285 4351 358 4409 ento
371 4363 389 4404 o
403 4341 536 4412 litteram
550 4345 647 4412 miani
659 4367 699 4412 ac
710 4345 814 4429 posuit
832 4355 905 4410 met.
925 4351 976 4422 15,
990 4349 1066 4422 398,
1094 4345 1159 4430 Quo
1173 4349 1269 4426 simoi

177 4462 216 4512 aa
235 4445 341 4516 casim
363 4479 407 4494 -··
426 4444 612 4516 redonavit.
648 4457 771 4531 praeter
792 4445 869 4522 banc
891 4445 1010 4516 dicend
1030 4445 1185 4534 formabo
1206 4471 1267 4514 non

1013 4554 1033 4612 3
1044 4556 1057 4585 ἡ
