2966 5088
752 415 793 480 st

312 585 479 652 [inerme
488 583 564 671 feri
583 579 732 650 canturi
751 605 768 648 c
787 587 922 671 gurgite
942 576 1045 650 omae
1155 547 1161 560 .

314 685 501 776 Aequoreos
521 697 692 752 moranum
713 686 870 756 Nereides
891 686 1094 754 admirantes.

230 811 291 856 uon
311 791 356 855 sic
369 791 504 854 locutum
517 809 589 854 esse
605 785 758 856 Catullum
772 809 861 854 nemo
879 788 1046 854 dubitabile
1069 805 1238 872 quanqam
1252 785 1319 851 fue·

230 903 304 958 runt
316 913 377 956 uon
393 889 469 956 nulli
484 891 560 955 adeo
581 891 679 976 pulcri
698 891 950 956 sensu-destituti
972 901 1006 954 ut
1015 891 1093 974 sera·
1110 889 1215 954 cultus
1233 909 1320 953 mon·

230 1005 332 1060 sirm
353 995 439 1079 Argo
451 993 562 1058 dictam
582 1013 653 1058 esse
667 992 865 1079 opinarentur
877 1003 930 1056 aut
942 992 1002 1056 alia
1015 989 1204 1056 somniarent
1219 991 1319 1074 magis

231 1096 426 1164 euamvana.
450 1095 568 1160 rectius
585 1094 732 1160 iudicavit
745 1090 1007 1164 Mitscherlichius
1028 1115 1098 1158 cum
1117 1104 1151 1160 et
1166 1104 1238 1178 post
1250 1092 1319 1156 As-

151 1213 159 1230 ·
232 1219 368 1285 puerone
383 1197 581 1262 inserendum
602 1217 673 1262 esse
691 1205 822 1281 putaret.
858 1205 921 1266 tuan
939 1196 1112 1263 tenuntur
1124 1206 1232 1262 esseut
1248 1193 1320 1258 Tri·

233 1310 336 1363 tonum
360 1298 621 1384 hippocamporum
650 1298 860 1382 similiumque·
885 1308 1091 1362 monstrorum
1115 1297 1318 1362 mafinoruma

234 1399 289 1463 sed
307 1399 419 1464 clarius
441 1401 560 1464 locutus
583 1412 669 1466 esset
685 1396 838 1466 Catullus.
871 1398 1002 1464 dubitari
1021 1409 1121 1465 autem
1144 1420 1205 1464 non
1218 1409 1323 1483 potest

232 1501 306 1584 quin
330 1501 409 1566 idem
429 1521 518 1585 quem
540 1512 630 1569 antea
651 1501 883 1566 commemoravi
902 1498 1092 1576 Schraderus
1108 1521 1214 1566 verum
1233 1519 1321 1564 asse·

234 1613 324 1668 cutus
341 1602 446 1683 fuerit,
470 1601 637 1668 Emerrere
648 1603 739 1688 steti
760 1605 843 1686 (uum
864 1601 921 1666 hoc
936 1604 1033 1688 magis
1049 1604 1149 1687 placet
1167 1624 1255 1686 quam
1277 1603 1321 1666 at-

235 1713 302 1767 tera
318 1703 385 1768 cius
399 1705 588 1784 coniectura,
600 1705 694 1790 sero)
709 1707 836 1796 cuneati
847 1726 865 1768 e
875 1708 1010 1792 gurgite
1023 1703 1321 1792 odnuAequoreoe

234 1817 403 1871 monstrum
411 1808 566 1876 Nereides
580 1808 783 1872 admirantes.
801 1803 976 1890 emergendi
989 1807 1116 1872 verbum
1128 1806 1321 1890 potissimum

235 1929 304 1972 cum
322 1930 359 1972 se
373 1907 551 1993 pronomine
564 1909 777 1993 coniungitur:
802 1910 857 1973 sed
872 1909 1007 1994 potuisse
1023 1909 1052 1974 ci
1069 1908 1159 1973 etiam
1173 1907 1251 1972 alius
1266 1931 1322 1974 vo-

237 2008 336 2074 cabuli
358 2010 563 2076 accusativum
584 2031 687 2074 casum
700 2010 822 2095 adiungi
835 2032 891 2096 per
906 2033 940 2076 se
955 2011 1031 2076 satis
1047 2009 1189 2076 credibile
1204 2021 1264 2090 est,
1289 2021 1322 2074 et

235 2111 314 2175 dixit
338 2109 407 2192 hoc,
430 2113 551 2198 opinor,
575 2114 663 2177 modo
681 2113 813 2176 dirarum
835 2113 966 2196 scriptor
983 2105 1072 2198 quem
1086 2111 1246 2178 Valerium
1260 2109 1321 2177 Ca-

236 2224 337 2304 tonem
353 2234 424 2278 esse
438 2225 544 2298 putant
557 2234 589 2277 v.
600 2222 641 2280 55
649 2235 709 2293 ss,
727 2214 835 2301 Nigro
848 2217 946 2280 multo
959 2217 1044 2280 sueri
1054 2216 1323 2302 dieuntportenta

234 2323 359 2391 nutare,
397 2313 547 2381 Monstro
570 2318 742 2400 repentinis
771 2321 923 2381 terrentia
955 2339 1048 2402 seqre
1065 2319 1204 2404 figuras,
1246 2315 1322 2382 Cum

235 2416 335 2481 subito
349 2417 782 2504 emerserefierenticorproro
792 2429 903 2503 ponto.

320 2513 460 2599 Denique
481 2517 588 2582 vitium
612 2539 686 2582 sane
705 2529 754 2583 est
768 2518 802 2584 iu
819 2519 962 2584 carminis
977 2526 1016 2587 62
1030 2540 1124 2586 versu
1139 2528 1179 2587 55
1203 2524 1247 2605 (p.
1265 2527 1319 2600 38,

235 2624 307 2702 23),
330 2616 433 2682 Metti
448 2619 536 2683 illum
550 2621 727 2718 agricolae,
748 2621 841 2684 multi
853 2623 1016 2688 accoluere
1030 2625 1155 2687 iuuenci
1174 2621 1322 2708 (namqui

236 2718 359 2805 possint
380 2722 519 2785 accolere
539 2719 682 2806 vitenti),
706 2723 761 2786 sed
786 2719 856 2788 ltali
876 2724 1047 2788 rectissime
1069 2723 1258 2808 scripserunt
1272 2745 1323 2787 oo·

236 2821 335 2899 icere,
360 2823 439 2906 quod
454 2811 568 2888 sinceri
580 2822 700 2890 codices
717 2845 813 2890 versu
828 2832 867 2891 53
882 2825 994 2892 hahent
1017 2823 1125 2910 (Hanc
1136 2827 1221 2891 nulli
1234 2827 1322 2912 cgri-

237 2923 336 2999 ooluc,
352 2924 436 2988 nulli
444 2926 570 2990 coluere
580 2927 729 3007 iuvenca),
747 2948 814 2992 cum
825 2927 857 2990 iu
866 2928 1075 3012 antiquissimo
1092 2927 1323 2994 codiceThuani

236 3023 395 3110 utrobique
419 3026 565 3111 scriptum
587 3027 629 3090 sit
648 3030 803 3093 ocoloere.
834 3042 940 3096 contm
963 3030 1014 3114 qui
1028 3029 1219 3116 scripserunt
1232 3031 1326 3094 molti

236 3148 275 3190 uc
295 3127 420 3192 coluere
442 3129 566 3194 iuuenci
587 3138 619 3192 et
639 3141 729 3194 autea
750 3131 833 3195 mulli
848 3154 886 3197 oc
903 3133 1026 3197 coluere
1039 3135 1161 3196 iuvenci
1172 3142 1205 3194 et
1218 3131 1322 3193 defeu-

238 3227 372 3292 sitaruut
385 3227 442 3291 hoc
460 3239 620 3312 postquam
632 3225 848 3296 Lachmauuus
863 3229 1009 3299 Italorum
1021 3234 1226 3298 coniecturam
1240 3252 1321 3295 com-

237 3328 447 3406 mendaverat,
468 3326 502 3390 iu
523 3349 584 3391 uua
605 3330 729 3412 parvula
749 3353 825 3396 voce
848 3345 993 3416 quattuor
1019 3355 1141 3400 errores
1165 3334 1323 3400 commisc-

238 3437 322 3492 runt.
346 3427 475 3512 primum
492 3427 572 3491 enim
585 3447 753 3514 congruere
768 3432 858 3497 delet
870 3434 976 3500 horum
988 3458 1132 3501 versuum
1146 3439 1243 3500 forma
1255 3458 1324 3500 cum

236 3530 282 3594 eis
305 3530 434 3614 quaein
458 3531 583 3616 stropha
606 3531 743 3618 virgines
765 3535 954 3617 cecinerunt,
983 3537 1085 3603 Multi
1107 3538 1195 3602 illam
1212 3540 1320 3623 pueri,

235 3633 352 3696 multoe
365 3644 512 3718 optavere
527 3635 657 3720 puellae
678 3645 710 3702 ct
729 3635 825 3702 Nulli
836 3637 923 3702 ellum
935 3643 1040 3726 paeri,
1055 3639 1161 3705 nullae
1177 3649 1324 3723 optavere

228 3733 376 3820 puellae.-
401 3733 511 3799 deiude
534 3737 656 3802 omnino
676 3738 773 3803 debile
796 3751 845 3804 est
862 3740 944 3803 istud
960 3763 1016 3806 oc.-
1039 3753 1103 3804 tum
1119 3763 1181 3804 nou
1196 3741 1324 3804 collocat

234 3833 278 3899 ita
298 3829 435 3899 Catullus
461 3835 661 3917 copulativam
685 3840 944 3906 coniunctionem:
983 3841 1113 3920 deniquo
1140 3859 1208 3901 oum
1230 3860 1322 3924 saepe

143 3933 149 3942 “
235 3957 362 4002 numero
384 3934 438 3999 hac
458 3935 606 4021 particula
620 3951 769 4020 uteretur,
794 3963 940 4026 nusquam
960 3953 1139 4004 tamensem
1156 3951 1228 4006 ante
1247 3965 1322 4032 cgq

236 4039 355 4104 litteras
368 4038 469 4122 posuit
485 4036 547 4102 uisi
562 4041 754 4106 coniunctam
771 4064 838 4105 cum
851 4030 1050 4108 antecedente
1069 4043 1174 4121 simul,
1198 4044 1230 4109 id
1245 4045 1321 4128 quod

234 4140 282 4205 bis
299 4142 377 4226 apud
396 4161 465 4206 eum
479 4139 645 4222 invenitur,
669 4157 762 4206 carm
781 4151 834 4223 ot,
850 4152 892 4212 86
916 4147 959 4231 (p.
977 4152 1031 4224 45,
1048 4144 1096 4236 3),
1119 4145 1212 4213 Hune
1229 4145 1325 4211 semul

234 4263 274 4306 oc
284 4243 396 4330 cupido
409 4246 577 4331 conapeait
591 4247 705 4310 lumine
721 4250 828 4333 uirgo,
852 4245 1047 4333 eiusdemque
1069 4251 1212 4314 carminis
1228 4263 1321 4312 versu

236 4350 296 4409 147
326 4348 371 4429 (p.
392 4353 447 4426 47,
468 4341 518 4431 t),
553 4346 621 4414 Sed
634 4349 731 4412 amul
749 4371 788 4414 oc
812 4350 944 4436 cupidae
965 4355 1076 4416 meotes
1102 4355 1221 4417 rateto
1250 4343 1321 4408 titi·

233 4443 273 4505 do
295 4453 354 4507 est.
563 4479 567 4490 .
826 4489 829 4498 .
1039 4484 1042 4493 ·
