2966 5088
662 412 707 480 ’47

140 590 293 654 cantabat
309 579 347 653 in
362 609 482 667 narem,
506 597 547 664 et,
566 587 599 650 'si
619 596 701 650 recte
726 588 800 650 baec
822 583 973 666 addimus,
999 594 1059 658 159
1081 609 1108 654 s.
1132 590 1231 660 lanas

139 701 238 778 atque
258 694 376 756 annom
386 691 481 777 sacti
498 710 562 753 mea
583 689 676 774 ιιιῖρα
694 690 852 774 magistra
874 687 982 752 Prinna
991 689 1096 775 sciret.
1126 711 1230 758 venum

138 793 296 858 ¹enimvero
311 793 386 857 boec
401 790 534 856 carmina
548 811 609 854 non
623 790 733 872 scripta
748 806 815 852 essa
831 809 849 852 a
867 784 991 854 Valerio
1013 785 1130 855 Catone
1148 806 1229 878 post

136 913 231 978 quam
250 895 370 958 licenda
383 890 508 986 ¹'Sullani
530 891 690 976 temporis,
714 901 747 954 nt
768 885 931 954 Suetonius
953 891 1012 969 ait,
1035 904 1146 957 exutus
1165 905 1231 962 enat

139 996 333 1079 patrimonio,
357 997 411 1060 sod
431 996 467 1060 ab
490 995 548 1058 alio
570 1004 658 1080 poeta
675 1013 756 1056 anno
776 992 858 1058 urbis
878 999 960 1071 713,
981 994 1232 1062 rentcintollexit

139 1096 360 1161 R.Merkelius
375 1097 451 1181 prol.
469 1098 506 1161 ad
519 1094 585 1159 Ibin
600 1117 631 1181 pa
640 1101 705 1162 964
716 1105 856 1178 recteque
866 1095 1041 1162 adversatus
1050 1096 1231 1184 estlosepbn

142 1195 321 1282 Scaligero,
352 1199 435 1262 udus
464 1199 632 1284 opinionem
660 1197 792 1282 plerique
812 1217 914 1261 omnes
937 1199 1084 1277 communi
1105 1220 1232 1266 assensu

143 1302 355 1384 probaverant.
380 1302 457 1385 quod
472 1302 552 1365 addit
566 1300 675 1384 scripta
689 1298 815 1362 viderie
836 1295 1017 1378 Cornificio,
1040 1301 1143 1365 ludere
1162 1323 1230 1368 cnm

141 1412 234 1486 puto:
259 1425 424 1486 quanquam
446 1425 484 1467 ne
505 1403 578 1466 illud
599 1402 714 1486 quidem
733 1400 821 1464 laudo
840 1402 919 1484 quod
938 1402 1013 1466 alius
1033 1423 1129 1488 nuper
1142 1405 1230 1472 bomo

142 1505 249 1568 ductus
264 1502 392 1590 Virgilio
408 1507 481 1570 baec
497 1503 629 1568 carmina
643 1501 793 1566 vindicare
809 1514 933 1568 conatus
949 1515 1007 1568 est.

229 1603 343 1671 Verum
366 1606 508 1673 Caesaris
530 1603 662 1690 tompore
681 1604 754 1670 baec
775 1605 983 1688 particudanum
997 1606 1230 1692 copulativamm

134 1709 300 1774 cobocatio
315 1711 514 1774 increbuisse
529 1709 645 1772 videtur
660 1707 800 1792 paulatim
815 1727 909 1790 neque
925 1719 959 1771 ut
981 1709 1115 1776 omnibus
1130 1713 1230 1778 statim

136 1812 255 1894 pariter
268 1813 415 1896 placeret:
439 1813 517 1876 unde
532 1811 738 1874 abstinuerunt
750 1809 787 1872 ab
800 1829 837 1871 eu
852 1805 962 1873 (licem
977 1820 1019 1888 et,
1044 1813 1226 1894 obsidium,

142 1910 292 1978 Catullus.
315 1915 408 2000 ipsius
425 1912 567 1978 Caesaris
581 1913 612 1976 bi
626 1923 695 1976 sunt
708 1911 849 1974 versiculi
863 1911 900 1975 de
914 1908 1070 1992 Terentio,
1093 1913 1231 1982 Lenibus

140 2025 238 2101 atque
251 2019 371 2079 utinam
392 2018 521 2100 scriptis
540 2015 690 2078 adiuncta
697 2011 794 2095 soret
811 2015 870 2094 aab,
895 2003 1020 2078 Cantica
1040 2024 1076 2078 nt
1096 2029 1229 2102 aequata

140 2120 247 2180 anns
261 2118 400 2202 polleret
416 2117 532 2180 bonore
553 2115 630 2180 cum
649 2112 793 2190 Graecis,
816 2135 916 2201 neque
933 2117 966 2178 in
988 2115 1049 2180 bac
1069 2116 1231 2200 despectus

135 2229 236 2304 parte
257 2221 388 2282 incarn.
411 2217 476 2295 sed,
501 2228 533 2280 ut
552 2217 639 2282 modo
659 2212 842 2298 significavi,
874 2214 948 2279 baec
970 2215 1115 2280 voeabula
1137 2229 1231 2304 atquc

136 2315 263 2384 'catanam
286 2340 347 2383 non
366 2330 491 2403 possunt
512 2320 569 2386 buc
590 2328 727 2384 accuate
749 2317 867 2382 referri.
898 2339 967 2381 nam
988 2317 1021 2380 in
1034 2317 1092 2388 bac
1111 2319 1231 2404 optandi

141 2421 369 2508 lonmulaatqnc
379 2421 539 2508 particulae
553 2420 721 2508 copulativa
732 2421 908 2505 significatio
924 2442 985 2484 uon
998 2441 1147 2505 nunqnam
1159 2419 1230 2486 dali-

140 2523 230 2586 tescit
244 2523 378 2587 similiter
393 2535 479 2610 atque
502 2535 590 2589 antea
610 2524 675 2589 beri
694 2523 821 2587 vidimus
842 2523 874 2586 in
896 2525 1061 2588 noveleti.
1086 2543 1124 2586 ne
1147 2521 1230 2607 plura

142 2624 278 2703 alienam,
301 2625 333 2688 in
347 2625 412 2708 ipso
427 2625 685 2690 omnis'orationis
700 2625 784 2689 initio
798 2627 873 2690 baeu
887 2625 1025 2710 leguntur
1039 2625 1116 2711 apud
1127 2623 1230 2711 Appu-

143 2724 232 2786 leium
244 2723 267 2784 l.
284 2731 348 2804 7p.
365 2733 425 2789 199
440 2725 534 2802 tum„
555 2738 648 2812 atquc
660 2729 779 2789 annana
790 2729 858 2810 ‘apoc
874 2731 993 2803 mnus,
1014 2730 1127 2814 inquit,
1143 2749 1230 2814 quctn

141 2842 302 2908 nunqnam
313 2823 457 2906 prafiecta
467 2826 622 2908 vidissem,
639 2847 743 2889 cacam
754 2825 1031 2908 quirctbnmannnt
1041 2832 1118 2892 dara
1130 2849 1230 2894 meaa·

139 2934 205 3010 ‘qne
223 2925 428 2988 testimoninm
443 2928 637 2990 innocentiae
646 2912 813 3010 perbibere
821 2936 942 3010 posset.
959 2947 1050 3010 quare
1066 2925 1230 2995 Caesarem

144 3023 291 3088 subtiliter
306 3025 418 3090 dixeris
434 3044 495 3092 non
515 3037 610 3112 atque
629 3024 795 3102 bunasse,
820 3025 986 3112 sedatque
1006 3031 1138 3094 annom.
1161 3031 1230 3097 inde

143 3127 254 3190 iactum
269 3137 316 3190 est
330 3129 425 3210 utqui
439 3148 588 3211 nunquam
599 3127 658 3190 nisi
673 3136 741 3190 ante
755 3127 901 3202 vocabuda
916 3128 954 3192 nd
972 3150 1049 3213 quae
1063 3132 1231 3216 pertinebat

143 3238 239 3314 atque
252 3229 408 3293 collocavit
420 3227 560 3294 Valerius
571 3227 699 3294 Flaccus
721 3227 813 3294 nihilo
837 3241 935 3294 tumen
954 3231 1052 3296 'minus
1069 3233 1183 3300 dicant
1197 3243 1229 3320 b,

145 3335 205 3396 599
222 3341 275 3394 eat
287 3341 381 3418 atque
395 3335 513 3397 annana
529 3342 717 3418 superatque
732 3331 868 3396 hiereo.

229 3427 291 3494 Sed
313 3443 413 3511 certa,
437 3445 470 3498 ut
490 3433 622 3512 videtur,
648 3433 880 3516 cupidativarum
902 3435 1141 3503 coniunctionum
1162 3439 1229 3506 luco

101 3519 106 3526 ⁸
144 3551 205 3595 non
226 3553 280 3596 suo
300 3534 461 3617 positarum
484 3533 776 3619 exempla'Lucrelii
793 3535 861 3598 libri
881 3537 1041 3619 praebent,
1065 3539 1169 3616 bucce,
1194 3549 1227 3624 2,

145 3637 183 3696 91
201 3653 245 3696 ss.
270 3639 415 3720 qnoniam
428 3640 560 3722 spanum
574 3641 644 3702 sane
652 3637 724 3722 fine
737 3635 889 3721 modoque
904 3647 961 3716 eat,
985 3639 1230 3728 laneumque

139 3743 253 3818 patere
273 3737 306 3800 in
326 3749 466 3804 nanctae·
477 3739 613 3824 nandique
626 3748 739 3824 partes
753 3736 901 3802 Plnn‘bus
922 3736 1068 3820 ostendit,
1092 3752 1181 3808 certo
1197 3754 1231 3810 ct

144 3839 266 3902 radone
278 3839 445 3923 probatam
464 3852 522 3920 ent,
545 3847 577 3920 3,
600 3845 663 3906 539
676 3861 704 3902 s.
729 3830 894 3904 Scinditur
913 3846 1006 3930 atque
1027 3845 1130 3910 Ιιιιιιίιιιι
1152 3866 1229 3934 qno·

142 3938 226 4000 niam
238 3949 354 4004 natura
365 3963 422 4006 nce
430 3965 491 4006 nno
502 3943 779 4030 Temporesinaern
787 3945 916 4026 annm,
931 3947 1074 4010 mortain
1086 3946 1228 4012 babendo

145 4048 204 4117 est,
225 4046 259 4117 1,
273 4047 335 4104 517
348 4061 375 4104 s.
393 4043 536 4114 Vellihne
549 4047 781 4131 etcycni,necc
796 4048 883 4124 meti,
899 4067 942 4115 cae
954 4045 1116 4110 Heliconis
1134 4047 1229 4128 Quom

145 4139 294 4224 liquidum
309 4143 426 4210 tollunt
436 4146 568 4231 lugubri
575 4168 652 4211 noae
664 4148 820 4232 querebam
838 4145 976 4226 (sirecte
997 4145 1041 4210 sie
1064 4145 1227 4236 scribitur),

144 4247 259 4316 asilii
272 4262 299 4304 s.
327 4242 463 4310 Tandem
477 4247 585 4313 bama
598 4251 679 4314 nabis
694 4246 1135 4332 affertpiqnnmqneiigorem
1148 4247 1230 4314 liad-

143 4341 203 4420 dit,
216 4341 314 4407 biems
326 4351 481 4432 sequitur,
498 4352 656 4436 crepitans
668 4369 706 4412 ac
720 4346 963 4431 dentibasalgn,
979 4352 1011 4425 6,
1025 4351 1106 4412 1232
1113 4362 1230 4418 maesto

141 4443 569 4515 musarde-incedatbienera
577 4459 768 4536 respectans,
782 4446 1230 4534 ananametanittebatibiqam.
