2966 5088
199 599 393 686 intellegere.
407 595 529 684 gemelli
535 595 685 661 voeabula
696 597 730 660 ln
739 595 920 662 leolmnutla
933 593 1132 658 similitudine
1140 591 1287 659 llumtius

200 701 248 768 bis
269 701 314 766 ita
329 721 406 767 usus
427 710 477 764 est
499 709 534 763 ut
554 697 601 762 rei
618 697 651 762 iu
665 719 726 782 qus
739 698 798 762 tluo
813 706 921 760 essent
940 696 1056 760 similes
1072 715 1287 760 commemora·

201 803 315 870 ionem
329 803 457 868 niteret
473 799 590 886 pariter
607 811 699 885 utque
719 801 753 865 in
772 799 885 885 gemini
904 797 1051 864 vocabulo
1068 794 1180 862 Cioero
1200 797 1285 878 feeit,

202 915 411 992 noquetanen
418 901 948 989 negoatllesonbentlamperieetam
957 899 1184 966 similitudinem
1192 898 1288 984 ipsam

202 1007 285 1074 iilum
296 1027 404 1072 votem
415 1025 472 1092 per
488 1024 523 1069 se
542 1003 681 1070 suffloere
695 1023 800 1090 posse,
831 1023 929 1088 quom
942 1003 981 1066 ad
999 1002 1119 1068 molum
1133 999 1290 1068 Martialis

206 1117 259 1188 12,
272 1117 327 1188 te,
346 1115 384 1176 te
401 1107 532 1173 uniones
553 1105 628 1170 dioit
636 1107 800 1192 smoaos
813 1108 921 1172 absos
929 1126 1030 1192 pares
1041 1105 1209 1192 gemellos:
1234 1105 1290 1170 sed

204 1212 237 1276 in
250 1209 367 1278 Catulli
378 1229 475 1276 mrsu
487 1229 549 1274 non
563 1208 845 1296 suffieitprupterea
859 1207 939 1292 quot
958 1206 1042 1271 istud
1059 1205 1192 1292 gemelli
1210 1211 1290 1272 atri-

203 1333 265 1400 que
280 1333 380 1397 neque
401 1311 590 1396 singularum
606 1311 837 1377 similitudinum
852 1308 1074 1375 enumerationi
1089 1308 1291 1393 praemissum

205 1426 266 1492 est,
299 1425 333 1480 ut
350 1415 519 1499 generatim
543 1414 663 1497 speeies
684 1412 967 1498 eomprehendam,
996 1429 1095 1496 neque
1115 1411 1220 1474 salem
1240 1433 1291 1476 ru·

205 1515 288 1578 tione
308 1513 439 1598 positum
459 1515 492 1576 in
512 1515 584 1592 line,
609 1515 664 1577 sel
682 1515 890 1579 intermistum
909 1535 970 1578 non
993 1513 1070 1578 satis
1086 1523 1292 1598 eongruonter

204 1613 346 1700 singulis.
358 1613 514 1679 'similiter
533 1635 595 1678 terto
613 1616 647 1678 in
663 1615 790 1691 lectulo,
812 1615 856 1678 ita
878 1615 991 1678 dietum
1004 1626 1040 1679 ut
1054 1637 1110 1700 per
1122 1635 1157 1680 so
1170 1627 1292 1682 eonstet

204 1715 377 1794 mtentiu,
414 1715 488 1780 ierri
507 1736 569 1779 non
589 1735 682 1798 posse
708 1715 864 1780 exmumo.
897 1735 965 1780 nam
989 1718 1069 1798 qnod
1083 1713 1203 1782 Caesar
1224 1739 1291 1784 oum

203 1815 362 1882 Mamurra
380 1839 440 1881 uuo
457 1817 489 1882 in
511 1817 624 1882 lentulo
642 1813 868 1899 requiescebat,
896 1816 928 1880 it
943 1819 1172 1883 eommemururi
1193 1822 1293 1904 potuit

204 1930 345 2002 tauquam
366 1929 578 2002 argumentum
598 1918 736 1982 ιιιίιιιιὶε
757 1928 792 1982 et
811 1917 976 1998 amicitiae,
1005 1938 1067 1984 uon
1091 1921 1191 2004 potuit
1210 1922 1294 1988 inter

204 2041 313 2086 oausas
326 2021 440 2085 referri
455 2041 511 2085 eur
524 2020 646 2102 auique
658 2020 764 2102 pnlore
775 2021 966 2086 conveniret.
990 2042 1053 2086 uon
1065 2023 1229 2089 debuerunt
1241 2025 1294 2109 qui

204 2122 373 2189 orationem
398 2123 489 2188 aliter
518 2115 708 2185 conformare
728 2123 856 2188 vellent.
895 2134 986 2207 ιιιιιιιι
1010 2123 1148 2190 Aubilles
1173 2127 1292 2210 quidem

206 2224 326 2292 Statius
341 2227 457 2290 frustra
471 2233 502 2287 et
514 2232 549 2286 ut
563 2221 765 2286 difficultatem
780 2224 862 2288 illam
878 2246 940 2289 non
955 2227 1087 2292 sentiret
1100 2228 1293 2294 scribendum

205 2346 277 2391 esse
296 2327 428 2392 oouieeit
447 2323 624 2388 Unileetuli.
654 2323 747 2385 multo
768 2324 877 2388 melius
899 2333 949 2388 est
960 2324 1092 2404 Mureti,
1112 2339 1146 2390 ut
1157 2330 1291 2410 videtur,

204 2429 376 2506 inventum,
404 2425 470 2490 Una
491 2427 523 2488 in
541 2422 649 2486 [adalo
667 2421 822 2486 erudituli
835 2421 938 2500 ambo,
962 2445 1060 2508 neque
1074 2427 1205 2492 absurde
1218 2427 1292 2494 Bal-

205 2529 311 2594 tbssar
325 2527 465 2594 Venator
485 2526 560 2590 tolle
580 2523 678 2606 iuquit
701 2522 929 2589 dubitationem
945 2527 1107 2612 uolgatam
1129 2539 1164 2593 et
1174 2547 1290 2594 merum
1327 2521 1329 2526 ’

204 2633 253 2696 sio
268 2630 384 2705 scribe,
402 2627 468 2692 Uno
484 2630 516 2692 in
531 2627 642 2690 lectatio
654 2621 808 2690 eruilituli
818 2625 918 2690 ambo.
936 2627 1060 2693 'alludit
1069 2632 1150 2694 enim
1165 2631 1292 2718 adpro·

205 2731 355 2807 υενὺῐιιηι,
390 2728 457 2794 Uno
476 2731 510 2794 in
533 2729 606 2794 tado
627 2728 740 2826 edooti.
770 2729 841 2794 uult
858 2729 938 2794 anias
954 2731 1033 2795 istos
1050 2731 1129 2796 duos
1147 2755 1215 2798 esse
1232 2756 1295 2822 per

208 2833 417 2918 moiupores
432 2841 542 2896 etune
555 2833 655 2896 itasse
665 2833 698 2895 in
711 2831 840 2898 mutem
852 2831 990 2897 subolum
1008 2837 1167 2920 neqttitioe
1189 2845 1221 2900 et
1239 2839 1307 2901 tia-¹

201 2933 386 3022 probitatis.
410 2953 517 2997 verum
540 2933 682 2998 erudituli
699 2926 878 3008 rotabulum
900 2935 997 3000 iorni
1014 2935 1210 3016 deminution,
1241 2939 1296 3004 seul

209 3035 431 3122 significatione
459 3034 623 3120 partieipii,
646 3035 884 3115 nontliacum,
908 3037 1031 3117 dietum,
1056 3039 1196 3122 quotum
1219 3040 1297 3105 baud

209 3139 320 3224 exigna
331 3147 382 3202 est
395 3135 545 3201 orationis
558 3137 735 3216 insolentia,
746 3159 808 3202 uon
823 3138 1016 3203 attribuerim
1024 3137 1158 3219 Catullo,
1176 3142 1203 3208 si
1217 3142 1296 3206 forte

209 3241 269 3306 alia
281 3240 401 3304 ratione
419 3239 469 3302 bio
484 3259 595 3303 versus
613 3239 762 3323 explicari
777 3241 887 3324 possit.
912 3241 1008 3305 nibilo
1021 3253 1122 3306 umen
1133 3243 1233 3307 minus
1249 3243 1298 3309 in·

209 3340 450 3426 terpuuetionem
472 3341 634 3405 tollendam
654 3351 867 3424 statuumque
890 3359 1014 3406 versum
1036 3343 1082 3406 sie
1097 3344 1296 3413 metentem
1377 3405 1384 3416 ,

210 3461 281 3508 esse
297 3441 453 3523 existimo,

376 3541 522 3612 Mor-bosi
536 3547 673 3632 puriter,
698 3546 806 3612 tenelli
824 3547 959 3634 uta-ique,
1001 3573 1006 3583 ¹

380 3645 448 3713 Uno
468 3651 503 3714 in
524 3649 637 3717 lectulo
660 3647 813 3716 erudituli
831 3650 930 3716 umbo.

212 3749 342 3814 tenellus
355 3759 442 3814 reete
454 3751 653 3834 appellabitur
666 3749 836 3832 Mamurra,
859 3775 947 3838 quem
962 3751 1104 3820 Catullus
1117 3757 1301 3822 terminati)

212 3855 257 3934 (p.
274 3856 327 3926 lb,
356 3855 395 3914 l⁷
404 3851 467 3931 ss.)
501 3850 635 3912 omnium
655 3851 766 3918 omitia
785 3853 995 3938 perambulare
1016 3853 1090 3916 dioit
1114 3863 1149 3914 ut
1168 3853 1298 3920 albulum

175 4025 180 4032 ,
213 3947 412 4018 eolumbuium
426 3961 483 4016 aut
492 3949 667 4013 Alonenm.
691 3972 791 4034 neque
805 3953 906 4016 minus
922 3952 990 4034 ipse
1003 3947 1122 4016 Caesar
1133 3953 1191 4033 boe
1205 3960 1302 4023 uomi-

214 4075 256 4120 ue
272 4051 440 4138 vituperati
465 4061 595 4133 aposta
614 4061 752 4134 poterat:
776 4071 845 4115 uam
866 4049 1033 4117 Caesarem
1055 4053 1138 4120 eirea
1164 4061 1302 4146 eorporis

214 4177 318 4222 euram
343 4157 392 4242 (ιιι
411 4150 555 4221 Suetonii
572 4150 954 4235 vetimorensem)
981 4157 1181 4224 morosiorem
1205 4164 1302 4229 tuisse

216 4267 349 4338 oonstat,
371 4268 486 4324 utnon
502 4253 602 4321 solum
622 4254 803 4321 tonderetur
814 4254 980 4340 diligenter
997 4277 1033 4324 aa
1048 4261 1222 4343 raderetur,
1247 4265 1300 4327 set

216 4363 385 4430 velleretur
398 4361 501 4439 elien,
518 4368 554 4426 ut
569 4354 689 4443 quidam
704 4357 979 4445 exprobraverant.
997 4363 1105 4451 καίπερ
1119 4359 1302 4452 παρηβηκώς

220 4461 376 4538 usurae
396 4461 496 4541 tom,
528 4472 563 4526 ιι
582 4457 770 4529 uscerius
785 4453 847 4529 uis
860 4471 983 4540 tatus.
1007 4467 1096 4550 spa
1114 4463 1174 4547 ros
1196 4463 1300 4536 aaran
