2966 5088
747 396 790 462 lb

230 573 316 638 dium
336 569 422 659 quod
432 568 528 654 filice
548 570 679 644 umbre,
702 587 777 650 quae
799 564 918 632 Nonius
938 567 1026 632 affert
1042 589 1072 654 p.
1093 573 1175 636 aasz
1200 568 1257 636 sed¹
1270 579 1313 644 et,

230 673 308 758 quod
321 669 427 736 Dousa
439 669 544 748 habet,
562 669 643 733 omni
658 680 740 734 caret
753 670 809 734 lide
824 690 881 732 nec
893 668 1001 752 legiam
1015 669 1046 734 in
1062 670 1163 734 codice
1182 669 1240 734 isto
1256 691 1317 735 nun

180 835 187 852 ,
228 775 308 840 bono
323 772 452 857 quidem,
477 772 530 836 sed
545 771 653 858 optimo
669 771 810 838 omnium.
840 771 1016 836 manifestae
1036 782 1106 834 sunt
1124 770 1316 836 iambicorum

229 897 373 942 uersuum
386 874 560 960 particulae,
575 873 980 947 cobibctdomiMuestussc
989 872 1140 949 Attum,
1154 873 1317 959 repudium

228 977 415 1066 qucdfilioc
428 976 568 1040 demisit,
592 995 634 1040 ex
653 975 757 1038 eodem
779 975 855 1038 libro
874 981 915 1042 29
930 976 1042 1060 profert
1056 971 1162 1040 Dousa
1177 977 1230 1056 (ir.
1245 979 1313 1058 32),

229 1077 307 1166 Age
319 1101 401 1144 uuae
414 1098 562 1144 cummuni
574 1087 716 1162 sumptus
728 1077 885 1165 ducetque
900 1082 985 1144 uuis
995 1079 1091 1145 orout
1100 1088 1194 1163 utque
1207 1078 1315 1151 alicui,

190 1203 193 1208 ·
226 1192 263 1247 ut
277 1191 370 1268 utque
381 1179 477 1244 alieno
491 1178 557 1242 loco
572 1178 699 1261 positum
711 1199 781 1245 csse
793 1179 920 1262 quodam
933 1178 1124 1246 modovidcri
1136 1178 1248 1262 possit:
1264 1177 1317 1240 ali·

230 1293 278 1350 ter
288 1278 458 1346 Mercurius
470 1279 589 1366 scripsit
602 1281 634 1344 in
646 1279 743 1346 Nonii
754 1281 830 1346 libro
845 1304 875 1367 p.
892 1288 966 1358 283,
982 1279 1060 1367 Age
1074 1301 1157 1346 nuuc
1169 1301 1317 1346 summum

230 1393 371 1469 sumptus
385 1382 455 1456 duc,
480 1393 575 1470 utque
587 1384 871 1454 semermemque
889 1381 997 1460 alieni,
1015 1380 1206 1464 similiterque
1221 1381 1318 1444 codex

231 1485 280 1548 ille
292 1482 471 1549 parisiensis
487 1483 561 1546 haec
576 1485 709 1569 praebet,
726 1508 788 1572 ugo
798 1507 882 1551 nuuc
894 1505 1043 1550 summum
1058 1493 1197 1568 curuptus
1209 1483 1317 1548 ducat·

230 1607 292 1673 quc
304 1588 374 1660 ucri
384 1585 480 1650 simul
491 1583 571 1648 udde
585 1587 691 1648 alicui.
716 1607 792 1670 quac
804 1587 957 1671 desumpta
970 1595 1039 1650 sunt
1054 1605 1095 1650 cx
1107 1584 1242 1650 versibus
1256 1595 1319 1648 tro-

232 1685 359 1753 chaicis:
384 1685 503 1770 scripsit
517 1684 595 1750 cuim
608 1683 742 1752 Lucilius
760 1735 768 1750 .
788 1735 796 1750 .
817 1733 825 1750 .
842 1709 904 1773 ogo
916 1709 1000 1752 nuuc
1013 1709 1160 1752 cucumam
1176 1696 1320 1772 sumptus

230 1786 330 1862 ducat
349 1797 444 1876 atquc
467 1789 550 1852 ueris
572 1789 683 1864 simul,
707 1788 802 1854 Adde
820 1791 925 1854 alieni.
957 1789 1065 1852 acerbe
1087 1786 1241 1858 subiicitur
1262 1787 1319 1852 hoc

233 1887 325 1954 Adde
337 1891 444 1956 *auur
469 1888 593 1972 denique
608 1887 718 1956 Cicero
734 1892 769 1956 de
785 1893 838 1956 fin.
852 1899 883 1969 2,
901 1899 921 1958 8
936 1891 1005 1976 (23)
1023 1891 1068 1954 bis
1083 1890 1174 1959 utimr
1188 1886 1320 1954 Lucilia·

181 1983 185 2000 '
232 1988 292 2067 nis,
315 1999 349 2052 ut
362 1991 426 2054 fere
438 1990 576 2074 leguntur
590 1991 676 2056 bodie
691 1993 723 2056 in
737 1994 823 2058 novis
835 1993 1075 2077 exemplaribus,
1099 1991 1194 2079 quibu
1215 1993 1320 2056 uinum

232 2091 390 2176 Dqfitcuur
404 2114 421 2156 e
430 2097 523 2178 pleno
535 2096 607 2172 siet,
632 2099 663 2160 ir
676 2097 802 2182 saphore
822 2099 876 2162 uui
890 2098 938 2162 nit
949 2097 1108 2182 Deripui,
1132 2097 1180 2159 uis
1203 2105 1235 2158 et
1249 2114 1319 2158 suc·

234 2195 324 2258 culus
342 2194 507 2258 abstulerit
529 2198 667 2278 (quorum
687 2199 831 2282 particula
853 2198 884 2262 in
902 2197 1001 2262 libello
1020 2195 1212 2282 grammatico
1235 2215 1322 2277 quem

234 2295 398 2362 halieuticis
414 2306 444 2359 et
461 2298 642 2382 cynegeticis
655 2299 806 2376 subiunxi,
831 2322 860 2383 p.
876 2306 929 2376 98,
953 2295 1088 2362 Varroni
1102 2319 1160 2361 non
1176 2296 1322 2362 rarolillic

189 2401 193 2410 ‘
234 2416 337 2462 errore
349 2396 517 2480 tribuiturJ:
541 2399 594 2462 sed
609 2399 740 2464 scribere
755 2400 798 2464 sic
809 2421 869 2464 non
882 2396 1167 2484 potuissanoilium
1181 2409 1321 2464 accurate

233 2499 364 2564 ostendit
376 2495 559 2584 Madvigius.
598 2501 680 2564 cuius
704 2501 809 2566 doctae
835 2500 1009 2566 dubitationi
1031 2500 1107 2564 banc
1128 2499 1222 2584 ipsam
1243 2498 1320 2563 addo

234 2611 268 2666 et
280 2600 442 2686 particulae
453 2602 688 2668 collocationem.
1282 2661 1306 2693 ·„

319 2697 467 2784 Quattuor
480 2705 542 2770 lere
554 2715 743 2770 annosnatus
757 2715 833 2784 erat,
848 2725 915 2768 cmn
921 2701 1054 2768 Lucilius
1069 2713 1195 2768 mortem
1209 2701 1318 2782 obiret,

234 2800 281 2868 M.
302 2801 417 2870 llrllius
438 2803 558 2872 Cicero.
582 2808 646 2874 eins
667 2806 732 2892 plns
751 2829 839 2890 qnam
858 2807 938 2872 mille
956 2827 1064 2872 versus
1084 2805 1243 2882 babemus,
1267 2805 1322 2870 scd

235 2927 380 2991 nusquam
390 2908 442 2974 illa
456 2911 639 2995 copulativae
656 2909 871 2975 coniunctionis
888 2907 1024 2974 maicctio
1045 2918 1177 2992 apparet.
1202 2927 1270 2970 nam
1291 2905 1324 2970 in

235 3009 372 3082 versibus
393 3017 467 3095 q'uos
490 3033 532 3078 ex
551 3010 666 3076 Aratiis
686 3012 748 3076 suis
769 3011 833 3096 ipse
856 3011 943 3076 affert
963 3010 1000 3074 de
1021 3019 1085 3074 nat.
1109 3009 1193 3073 deor.
1217 3016 1255 3086 2,
1279 3014 1328 3074 42*

236 3111 342 3196 (tus),
372 3111 435 3176 Hic
445 3136 560 3200 praesu
582 3115 703 3201 duplici
716 3116 894 3200 pulmarum
913 3115 1051 3178 concaua
1065 3131 1200 3196 unguent
1214 3111 1322 3197 Atque

237 3215 304 3280 cuitu
316 3215 382 3300 ipsc
396 3226 503 3280 mouet
515 3217 674 3302 religatur
689 3237 822 3302 corpore
843 3225 941 3294 torto,
964 3214 1042 3296 qnod
1059 3212 1135 3297 apud
1157 3207 1324 3276 Victorium

235 3312 345 3396 legitur
358 3311 546 3399 Orelliusque
562 3316 700 3401 probavit
713 3318 794 3380 Educ
807 3328 841 3381 et
853 3318 919 3400 apso
932 3315 1096 3398 profectum
1111 3323 1158 3376 est
1172 3313 1208 3376 ab
1222 3333 1259 3376 ec
1273 3311 1324 3394 qui

235 3413 472 3500 monosyllabum
486 3421 553 3482 aius
565 3417 736 3500 ignoraret:
760 3415 869 3502 Atque
887 3419 955 3480 cius
974 3417 1041 3501 ipse
1059 3414 1249 3482 confirmatur
1262 3432 1324 3476 uon

237 3526 351 3582 tantum
364 3516 513 3586 codicibus
534 3519 702 3600 illis-neque
717 3517 802 3584 bonis
818 3539 874 3582 nec
889 3518 975 3582 valde
995 3517 1122 3601 antiquis
1139 3516 1242 3600 quibus
1261 3515 1323 3580 cdi-

237 3629 319 3687 tores
330 3621 394 3686 fere
409 3622 455 3688 usi
467 3632 547 3701 sunt,
572 3621 624 3687 sed
638 3620 727 3686 etiam
740 3621 829 3706 longe
841 3620 1006 3706 antiquiore
1021 3629 1052 3684 et
1068 3619 1190 3684 meliore
1208 3614 1323 3682 Vindo-

233 3721 374 3786 boncnsi.
1101 3769 1104 3775 .
1131 3777 1136 3782 .

316 3818 385 3888 -Sed
406 3845 478 3908 quas
494 3820 617 3890 Sullano
632 3837 763 3911 tempore
785 3848 804 3890 a
825 3822 949 3890 Valerio
971 3821 1087 3888 Catone
1110 3820 1235 3904 scriptas
1255 3841 1324 3888 esse

235 3923 397 4009 opinantur
410 3927 492 3992 brae
507 3927 673 3992 stulterum
690 3930 766 4009 eius,
790 3939 823 3992 ut
834 3937 947 4010 putant,
973 3943 1092 3988 carmen
1112 3920 1222 4008 Lydia,
1246 3924 1324 4014 mala

237 4026 307 4092 illud
321 4049 388 4094 cum
401 4029 472 4094 diris
487 4031 685 4108 coniunctum,
710 4031 783 4094 baec
798 4028 888 4112 igitur
902 4024 1034 4117 carmina
1048 4035 1149 4109 aperte
1171 4026 1324 4092 continent

169 4159 189 4200 κ
238 4131 392 4199 traiectum
406 4133 642 4200 conirmctionem
657 4131 851 4218 copulativam
870 4148 903 4191 v.
914 4117 965 4194 '43
981 4149 1031 4207 s.,
1055 4126 1177 4212 dffue'c
1197 4129 1325 4214 agnum

238 4253 320 4300 curo
346 4235 555 4313 uomitu,
587 4234 750 4300 arboribus
768 4233 946 4318 couiuugut
966 4241 999 4296 ct
1014 4229 1116 4298 ardor
1133 4233 1270 4306 arettas,
1293 4240 1325 4294 et

239 4340 301 4402 1⁰8
317 4357 360 4400 ss.
387 4337 744 4426 Vocuuucolloquitur,
767 4357 823 4400 uos
831 4349 914 4398 nuuc
926 4333 1050 4400 arridet
1061 4334 1178 4409 ocullt'c,
1200 4333 1325 4398 uruca

237 4439 400 4502 saumuro
410 4440 579 4508 uebatur
593 4441 733 4504 caemar
744 4459 829 4518 uoce,
849 4436 970 4506 Cmttut
980 4446 1011 4501 ct
1025 4437 1146 4505 aurea
1158 4435 1236 4502 curbi
1244 4456 1324 4522 quum
