2966 5088
652 401 694 472 2⁷

115 572 267 640 Rhenum
281 573 319 640 ad
337 585 528 640 monumento
541 570 684 640 Caesaris
697 571 826 653 monto,
851 576 1002 660 separarit
1022 595 1089 642 eum
1109 595 1128 641 a
1147 573 1215 643 Bri·

115 677 226 742 tannis
248 687 335 760 atque
355 676 398 740 ita
418 677 511 743 verha
532 673 705 751 coniunxit,
736 673 808 738 Sthe
832 683 921 740 trans
946 676 1030 740 altos
1045 677 1216 763 gradietur
1322 669 1327 682 ’

114 778 275 864 Alpcs—
289 777 514 867 hom'bilcsque
528 779 561 842 iu
578 777 763 862 motamque
781 773 965 841 Bn'tonnoa.
989 797 1050 842 non
1072 778 1213 846 adversa·
1239 867 1241 870 Ι

114 890 208 946 retur
222 880 337 944 additus
352 879 390 943 ad
404 880 517 963 plurale
530 897 639 942 nomen
652 885 909 941 monumentorum
928 877 1070 960 singulari
1091 899 1214 945 numero

116 977 270 1046 Rhenus:
294 981 398 1044 eadem
412 981 490 1044 euim
506 977 621 1042 numeri
642 977 840 1062 discrepantia
854 999 873 1042 a
885 975 1041 1063 Propertio
1059 986 1090 1056 5,
1114 987 1146 1057 c,
1173 989 1213 1046 17

115 1101 209 1146 mare
216 1081 375 1146 Actiacum
382 1080 489 1144 dicitur
495 1080 593 1146 Aaou
599 1079 1055 1165 Iuleacpclogusroonumentc
1072 1081 1211 1144 coriaco.

115 1184 178 1248 sed
200 1183 266 1264 quis
281 1191 328 1246 est
341 1180 412 1263 quin
430 1180 539 1244 sentiat
560 1201 646 1264 quam
668 1180 746 1244 male
771 1189 939 1244 attenuetur
960 1180 1074 1257 oratio,
1098 1180 1125 1244 si
1147 1191 1215 1264 post

115 1282 278 1368 splendida
296 1281 349 1346 illa
365 1279 459 1345 verha
481 1281 627 1346 Caesaris
651 1285 753 1348 vosne
775 1277 972 1348 mmaomcrrtc
992 1284 1104 1368 magui
1121 1281 1211 1348 nimis

115 1381 257 1468 breviter
269 1393 356 1466 atque
370 1380 490 1446 exiliter
504 1383 639 1448 adiicitur
657 1382 812 1448 Gallicum
831 1383 971 1449 atenac
990 1381 1146 1466 statimque
1160 1403 1209 1448 re-

117 1482 195 1548 h'cta
211 1484 267 1548 hac
277 1483 436 1550 verborum
450 1485 671 1548 constructione
685 1504 722 1548 ea
736 1503 811 1566 quae
832 1494 1010 1566 sequuntur,
1034 1483 1211 1548 homitias·

117 1603 183 1674 qtae
198 1589 231 1650 in
244 1589 429 1672 numasque
443 1585 634 1663 Bn'tonros,
656 1605 675 1649 e
698 1579 851 1668 gradiendi
869 1583 963 1647 verho
980 1585 1208 1667 suspenduntur,

117 1687 200 1770 quod
210 1687 333 1752 verhum
346 1687 522 1770 interposita
532 1683 633 1752 Rheni
646 1685 926 1750 commemoratione
938 1697 1105 1768 separatum
1119 1693 1166 1751 e'st
1179 1699 1212 1752 et

119 1787 207 1872 quasi
227 1788 398 1853 seclusum?
419 1797 574 1872 praeterea
594 1809 661 1853 cum
683 1798 800 1852 constet
818 1808 878 1851 uno
898 1786 1058 1871 eodemque
1080 1788 1117 1852 ah
1138 1788 1212 1854 urhe

120 1889 242 1953 condita
255 1911 334 1954 anno
350 1897 412 1956 699
428 1887 592 1955 Caesarem
605 1900 636 1952 et
649 1887 789 1954 Rhenum
811 1888 969 1978 uaiecisse
984 1899 1016 1952 ct
1033 1889 1122 1973 paulo
1143 1899 1224 1974 post·
1351 1929 1354 1938 ι

120 1987 308 2054 Britanniam
321 2002 495 2068 attentasse,
519 1990 626 2054 mirum
639 2001 720 2056 esset
734 1990 792 2054 nisi
815 1987 949 2060 Catrdlus
969 1987 1071 2053 Rheni
1092 2001 1123 2054 et
1141 1988 1209 2054 Bri·

122 2101 282 2154 tannorum
293 2091 602 2156 commemorationem
615 2091 680 2174 ipsa
694 2092 852 2156 verborum
860 2089 1079 2156 constructione
1087 2091 1209 2156 coniun-

121 2190 233 2254 xisset.
257 2192 326 2276 quid
340 2191 419 2254 enim
431 2191 498 2255 veri
512 2211 580 2256 esse
593 2203 691 2276 potest
703 2192 826 2256 similius
841 2211 928 2274 quam
939 2187 1124 2258 Britanniam
1136 2214 1209 2275 quo·

122 2311 193 2374 que,
218 2314 276 2377 qua
287 2290 433 2356 Romanis
447 2303 550 2376 aperta
564 2313 624 2356 non
639 2293 784 2358 minorem
791 2291 883 2358 Iulius
897 2313 984 2375 quam
990 2290 1100 2357 Rheno
1111 2304 1209 2358 mans

123 2392 216 2456 misso
236 2394 361 2477 gloriam
384 2395 506 2479 adeptus
526 2404 609 2472 erat,
645 2394 792 2458 communi
814 2405 930 2480 poetam
955 2406 1208 2460 monumentorum

121 2492 240 2558 nomine
256 2483 442 2580 cohaplexum
456 2497 546 2560 esset
1104 2497 1107 2506 ’

206 2593 311 2680 ltaque
334 2596 473 2680 quoniam
493 2597 630 2668 ridemus
646 2597 767 2663 lenibus
781 2596 899 2661 istiset
912 2595 998 2678 quasi
1013 2594 1124 2660 timidis
1138 2616 1208 2680 par·

124 2695 280 2760 ucularum
293 2698 574 2783 interpositionibus
594 2698 708 2764 hiatum
727 2721 790 2763 non
806 2699 873 2763 sine
893 2697 1074 2762 detrimento
1095 2697 1207 2762 oratio-

124 2795 172 2858 nis
188 2807 220 2859 et
232 2799 405 2863 sententiae
424 2799 581 2878 resarciri,
605 2800 712 2866 fortius
727 2800 836 2884 aliquid
857 2799 1023 2863 audendum
1038 2817 1108 2861 esse
1123 2797 1208 2862 ride·

123 2908 173 2960 tur
185 2918 242 2981 quo
256 2898 377 2984 integra
389 2900 533 2964 carminis
546 2912 693 2966 venustas
707 2903 896 2967 restituatur.
923 2920 959 2963 ao
974 2918 1069 2962 sensu
1082 2899 1207 2980 quodam

123 2998 276 3064 admoncn'
296 3001 413 3080 videor,
436 3013 559 3086 praeter
569 3001 712 3068 Rhenum
732 3014 764 3068 et
772 3001 937 3068 Britannos
949 2999 1071 3064 tortium
1091 2997 1140 3061 hic
1152 3017 1206 3062 re-

124 3098 199 3182 quiri
219 3102 296 3184 quod
314 3102 397 3169 inter
417 3115 573 3188 unamque
591 3105 749 3190 regionem
769 3104 860 3182 iacet,
883 3121 978 3167 mare.
1016 3119 1108 3185 quare
1130 3099 1206 3164 haec

92 3277 98 3282 μ
125 3200 243 3267 dedisse
260 3201 411 3270 caunum
423 3205 574 3290 suspicor,
699 3243 705 3256 ·

248 3304 322 3370 soe
342 3317 432 3374 tram
452 3309 538 3374 altas
555 3309 728 3396 gradietur
747 3305 863 3395 Apros,

252 3405 526 3474 onerantium
546 3421 742 3476 monteacuto
766 3412 888 3496 magni,

250 3505 405 3576 Gallicum
423 3509 576 3590 Rhenum,
598 3511 751 3579 horribile
771 3530 899 3597 aequior,
922 3508 997 3572 ulti·

535 3635 659 3701 mosque
673 3613 864 3676 Britannos..

124 3705 325 3774 confirmatior
338 3714 372 3776 tit
386 3713 462 3778 haec
476 3715 650 3779 coniectura
671 3733 708 3777 eo
723 3712 801 3796 quod
819 3711 852 3775 io
866 3708 952 3773 libris
967 3727 1031 3772 non
1039 3703 1204 3793 interpola·

128 3809 163 3874 tis
176 3806 344 3880 Parisiensi
357 3811 609 3882 athamantiano
630 3837 689 3903 quc
709 3834 770 3880 non
791 3811 957 3891 invenitur,
985 3809 1040 3875 sed
1060 3810 1203 3896 scripturn

125 3921 234 3976 tantum
255 3925 305 3978 est
325 3917 508 3984 horribiles.
530 3919 651 3984 videtur
670 3915 764 4001 igitur
777 3915 809 3980 in
824 3915 945 3998 antiquo
959 3913 1012 3977 itlo
1027 3911 1142 3990 codice,
1165 3910 1203 3976 ad
1287 3943 1291 3952 ·

126 4033 205 4096 quem
220 4017 381 4084 referenda
392 4031 464 4086 suut
477 4021 577 4084 omnia
591 4039 666 4102 quae
686 4017 829 4083 hahemus
845 4014 1081 4082 Catullianorum
1096 4011 1202 4075 carmi-

119 4132 188 4208 ·nom
209 4121 407 4204 exemplaria,
429 4142 560 4208 aequor,
582 4120 660 4203 quod
682 4119 902 4185 restituendum
925 4137 996 4182 esse
1009 4113 1200 4189 arbitramur,

84 4275 92 4311 ·.
126 4227 170 4280 aut
182 4220 326 4302 scriptum
341 4221 436 4285 fuisse
458 4222 497 4286 ad
513 4221 754 4305 cognoscendum
770 4219 914 4284 difficilius
928 4227 982 4282 aut
993 4235 1035 4278 ox
1049 4232 1079 4296 p‘

126 4317 294 4397 litteratum,
317 4331 352 4382 ut
372 4320 423 4384 alii
443 4321 558 4386 librarii
580 4320 807 4408 horribilesque
819 4323 923 4405 legere
939 4315 996 4382 sihi
1010 4312 1058 4379 vid

126 4418 168 4484 alii
180 4420 258 4504 quod
273 4420 422 4504 dispicere
438 4441 499 4486 non
514 4432 654 4505 poterant
667 4424 755 4508 plane
770 4424 944 4488 omitterent
964 4415 1050 4500 (cuin
