2966 5088
603 497 606 508 ,
723 416 762 494 ’19

201 615 282 672 reete
294 603 523 679 demonstravit,
545 601 666 665 circiter
680 595 792 662 annum
804 619 833 661 a.
851 619 881 660 n.
899 619 926 660 c.
940 603 1016 671 ⁷28,
1032 599 1143 685 scripta
1156 611 1235 664 sont.
1255 603 1284 666 iu

200 709 300 794 priore
322 706 455 771 carmine
479 703 555 767 dixit
571 700 716 764 Horatius
732 719 764 761 v.
783 705 821 763 17
843 697 885 762 Ut
907 707 973 762 teto
992 699 1031 763 ab
1053 703 1133 764 atris
1154 722 1285 788 corpore

198 809 316 896 odram
331 807 518 880 vomerem,
543 813 574 867 et
586 807 623 868 31
644 799 795 878 Teutobo,
819 802 980 862 clarentis
995 821 1120 884 arenas,
1141 802 1173 866 in
1185 814 1284 887 poste-

199 909 282 974 riore
296 933 328 974 v.
342 915 380 974 21
400 899 764 988 arnna—Dereptccz'da',
780 899 846 964 cidi
860 917 919 984 ego
935 901 1044 964 cisium
1054 899 1184 966 Retenta
1192 913 1283 990 tergo

200 1010 329 1074 brccbio
344 1008 461 1073 liberm
486 1004 540 1069 sed
551 1004 607 1068 boc
619 1005 716 1088 ipsum
727 1001 795 1066 cidi
808 1023 867 1088 ego
882 1021 978 1084 paene
997 1001 1152 1064 solennem
1167 1002 1284 1070 dicendi

200 1131 270 1194 esse
285 1107 442 1172 formulam
456 1126 496 1169 ex
509 1107 553 1170 eis
566 1105 721 1190 apparebit
736 1124 812 1188 quae
833 1104 869 1167 de
885 1101 999 1166 Tibulli
1013 1099 1164 1186 Propertii
1183 1101 1286 1173 Ovidii

199 1209 416 1273 consuetudine
429 1217 531 1292 postea
549 1208 655 1272 dicam.
679 1217 839 1292 praeterea
850 1203 882 1266 in
893 1203 1024 1286 vulgatis
1041 1203 1214 1288 quibusdam
1230 1229 1285 1273 ex-

171 1358 174 1371 .
200 1309 379 1394 empleribns
392 1309 468 1373 banc
482 1308 638 1372 elisionem
650 1307 784 1370 continet
794 1323 915 1369 carmen
931 1305 1050 1368 tertium
1063 1304 1132 1369 libri
1147 1307 1283 1387 alterins,

199 1410 317 1476 ubi'sic
337 1411 522 1494 scripserunt
540 1430 601 1472 non
613 1407 687 1472 nulli
697 1407 766 1473 inde
782 1425 903 1471 aversn
919 1411 950 1482 9,
978 1399 1043 1488 Quo
1056 1408 1154 1491 priene
1173 1411 1286 1496 tiegerus

197 1511 332 1599 alboque
341 1513 477 1598 popalus
493 1509 635 1574 Umbram
646 1507 829 1596 bospz'talem
850 1508 1151 1572 consociarecmant
1162 1509 1282 1596 Rome,

197 1634 259 1700 quo
280 1623 313 1678 et
331 1613 453 1699 obliquo
477 1611 600 1675 loborat
619 1608 763 1698 Lympha
779 1608 899 1695 fingam
919 1607 1078 1694 trepidare
1099 1610 1187 1692 reiro,
1212 1613 1284 1680 Huc

195 1715 270 1778 orico
277 1713 420 1800 -ferre
431 1713 518 1776 debe.-
540 1733 646 1777 verum
658 1711 727 1798 quin
741 1732 802 1775 non
816 1722 899 1774 recte
913 1709 987 1776 baec
1001 1710 1112 1796 scripta
1127 1711 1188 1776 sint
1201 1716 1283 1798 equi·

195 1815 264 1882 dem
276 1816 367 1902 plane
379 1807 441 1879 non
455 1813 569 1879 dubito.
592 1835 662 1878 nem
674 1835 735 1900 quo
748 1811 821 1876 illud
835 1812 916 1898 prius
930 1812 988 1875 etsi
1002 1813 1144 1876 excusari
1156 1815 1282 1898 quodam

197 1917 285 1980 modo
312 1925 411 2000 potest
435 1915 562 1998 quadam
586 1903 794 2004 subsequentis
824 1913 885 1976 buc
902 1911 1038 2008 adverbii
1056 1914 1281 2002 anticipatione,

197 2035 273 2080 seno
295 2025 397 2080 tamen
418 2015 527 2079 indicio
543 2026 575 2078 et
594 2014 755 2098 prudenter
773 2010 929 2076 Bentleius
944 2032 1008 2099 qua
1023 2013 1142 2092 aseivit,
1160 2017 1237 2102 qrrod
1252 2019 1283 2082 in

197 2114 349 2180 codicibus
370 2115 433 2178 suis
448 2113 615 2178 Lambinus
625 2113 795 2176 invenerat.
818 2113 850 2175 in
863 2109 959 2182 altero
980 2123 1080 2176 autem
1098 2135 1159 2202 qao
1174 2139 1281 2202 magna

197 2225 247 2280 cst
255 2209 403 2280 librorum
418 2215 517 2279 turba.
542 2213 729 2300 quorumalii
743 2212 799 2276 boc
810 2212 906 2298 ipsum
922 2233 982 2299 quo
1000 2212 1122 2295 babent,
1143 2217 1194 2280 alii
1207 2241 1279 2306 qua,

196 2317 250 2383 alii
265 2317 352 2404 quid,
369 2315 420 2380 alii
433 2337 494 2403 quo
507 2325 549 2390 et,
566 2317 597 2378 in
610 2315 677 2380 aliis
692 2315 818 2400 denique
829 2314 971 2399 scriptum
983 2324 1030 2378 est
1040 2337 1170 2404 quoqne.
1182 2319 1282 2405 itaque
1395 2413 1396 2418 γ

194 2409 246 2502 qni
258 2418 324 2502 plus
335 2413 397 2481 ‘siti
411 2437 518 2502 sapere
530 2417 670 2482 videntur
685 2413 823 2480 bentleio
836 2427 868 2480 et
883 2415 1034 2480 codicibus
1047 2417 1216 2485 firmissime
1230 2423 1281 2488 ad-

179 2559 182 2562 -
196 2519 377 2583 haerescere
387 2503 509 2583 student
521 2529 637 2603 gratum
643 2517 715 2582 mibi
729 2518 868 2594 fecerint,
884 2519 910 2582 si
920 2517 1020 2582 dicam
1031 2519 1147 2602 qualem
1156 2520 1281 2588 bicesse

194 2619 371 2686 existiment
392 2631 526 2686 veterum
548 2619 763 2704 exemplarium
783 2619 1003 2684 auctoritatem.
1035 2621 1122 2684 modo
1142 2643 1182 2686 ne
1202 2624 1280 2689 idem

194 2719 323 2804 probent
341 2721 418 2803 quod
439 2720 550 2802 placuit
569 2717 706 2798 Orellio,
731 2719 852 2794 flames,
876 2742 936 2806 quo
960 2732 993 2784 ct
1010 2721 1131 2811 obliquo
1153 2735 1183 2786 et
1204 2747 1280 2809 qnae

197 2828 371 2902 sequuntur.
385 2840 454 2882 nam
466 2829 568 2883 utnon
579 2818 858 2902 urgeamingratum
872 2822 1152 2886 essesonumetiam
1160 2837 1281 2909 propter

196 2919 336 2984 similiter
349 2919 487 2984 cadentia
502 2939 561 3007 qno
580 2930 610 2982 et
629 2917 763 3007 obliquo,
787 2918 911 2983 eandem
929 2919 1016 3002 quem
1032 2921 1064 2985 in
1082 2925 1192 2987 ceteris
1214 2947 1279 2991 car-

195 3021 324 3087 minibus
344 3020 570 3104 diligentissime
589 3019 705 3085 vitabat
720 3021 875 3084 elisionem
895 3020 943 3083 bic
966 3020 997 3083 in
1016 3020 1114 3086 inutili
1133 3026 1279 3097 vocabulo

196 3123 354 3187 admittere
368 3121 450 3185 nulla
464 3121 565 3186 bercle
579 3132 686 3206 poetae
703 3123 781 3186 ratio
803 3133 880 3203 erat,
904 3133 935 3186 et
955 3123 1034 3205 qnod
1054 3123 1126 3188 dicit
1144 3122 1278 3195 Orellius

193 3215 254 3311 poto
264 3223 387 3311 obliquo
401 3243 567 3308 agnoscere
580 3224 640 3288 iam
649 3216 899 3312 Porphyrionem‚
909 3223 1046 3310 equidem
1054 3227 1275 3317 noniutellcgc.

194 3335 301 3390 eontra
316 3337 450 3409 apertum
464 3335 511 3389 est
521 3325 585 3390 lieri
598 3328 731 3414 potuisse
744 3338 777 3391 ut
788 3325 893 3392 inutile
899 3325 971 3391 illud
985 3328 1038 3415 sed
1050 3337 1150 3414 aptum
1163 3331 1200 3396 ad
1209 3353 1278 3400 seu·

194 3428 319 3491 tentiam
330 3446 390 3512 quo
403 3426 480 3490 ultro
496 3428 657 3491 alibrariis
672 3429 870 3492 insereretur.
894 3428 972 3510 quod
991 3449 1051 3493 non
1070 3431 1189 3496 videtur
1209 3457 1277 3502 esse

193 3529 225 3591 ln
248 3525 400 3591 codicibus
410 3574 422 3605 ‚,
448 3528 505 3591 sed·
522 3528 692 3592 recentiore
714 3529 887 3590 coniectura
909 3527 1082 3606 inventum,
1107 3529 1224 3615 Remis,
1247 3551 1279 3602 et

195 3627 330 3712 obliquo,
346 3625 403 3686 boe
417 3643 473 3708 ego
489 3645 604 3707 quoqne
619 3646 740 3708 respuo,
755 3647 821 3686 cum
836 3643 877 3687 ex
890 3624 1032 3690 librorum
1044 3630 1173 3711 mendis,
1189 3655 1276 3720 prae.

195 3731 300 3796 sertim
313 3748 354 3793 ex
366 3723 425 3788 illis
440 3724 518 3811 quid
528 3734 560 3787 et
571 3745 632 3811 quo
646 3735 687 3805 et,
700 3721 857 3788 bentleius
871 3745 931 3810 quc
946 3734 979 3786 et
988 3725 1127 3793 elicuisse
1140 3733 1276 3803 videatur

191 3831 371 3897 rectissime.
401 3827 455 3890 sed
482 3826 559 3909 quod
585 3825 773 3892 scribendum
800 3825 929 3890 coniecit
958 3825 1026 3906 Qua
1048 3831 1146 3912 pinus
1164 3840 1276 3922 mgem

195 3932 326 4020 alboque
345 3929 483 4017 populus
446 3915 650 3994 muneram
671 3923 851 4026 hospitalem
876 3929 1055 3991 consociare
1080 3945 1188 3999 amam
1213 3935 1274 4003 lla.

193 4053 329 4119 mosque,
350 4053 411 4094 non
430 4051 552 4117 possum
576 4033 604 4097 ei
623 4031 747 4116 amplius
769 4027 929 4094 assentiri·
952 4048 1022 4091 nam
1046 4047 1208 4119 remosque
1229 4041 1274 4109 sic

193 4129 311 4198 adiecto
328 4131 421 4199 verba
436 4133 557 4203 exiliter
571 4134 743 4198 exanimata
763 4139 886 4195 exeunt.
911 4128 1051 4214 quocirca
1067 4131 1186 4199 ridetur
1203 4141 1274 4207 mibi

192 4231 337 4299 Horatius
357 4257 417 4323 que
438 4247 470 4300 et
491 4235 644 4323 particulis
664 4245 728 4299 tota
746 4233 906 4299 enunciata
926 4229 1120 4296 coniunxisse
1144 4248 1175 4300 et
1198 4243 1273 4308 scri

194 4339 291 4423 psisse
306 4337 362 4402 boc
374 4337 474 4416 modo,
501 4339 569 4420 Quo
584 4341 681 4430 pinus
700 4339 818 4430 degeres
825 4334 955 4422 albaque
969 4333 1113 4418 popolus
1131 4332 1272 4407 Umbram

194 4438 374 4525 toepttotcm
386 4441 573 4504 consociare
575 4445 681 4503 omont
690 4425 856 4523 Hiemesque
868 4434 1032 4520 erectique
1045 4429 1171 4502 laborat
1180 4442 1273 4528 tym-

1054 4538 1066 4568 ld
