<?xml version="1.0" encoding="UTF-8"?>
<!DOCTYPE html PUBLIC "-//W3C//DTD XHTML 1.0 Transitional//EN"
    "http://www.w3.org/TR/xhtml1/DTD/xhtml1-transitional.dtd">
<html xmlns="http://www.w3.org/1999/xhtml" xml:lang="en" lang="en">
 <head>
  <title>
</title>
<meta http-equiv="Content-Type" content="text/html;charset=utf-8" />
  <meta name='ocr-system' content='tesseract 3.04.00' />
  <meta name='ocr-capabilities' content='ocr_page ocr_carea ocr_par ocr_line ocrx_word'/>
</head>
<body>
  <div class='ocr_page' id='page_1' title='image "./mauriciihauptii01haupgoog/mauriciihauptii01haupgoog_0050.png"; bbox 0 0 2966 5088; ppageno 0'>
   <div class='ocr_carea' id='block_1_1' title="bbox 677 429 720 498">
    <p class='ocr_par' dir='ltr' id='par_1_1' title="bbox 677 429 720 498">
     <span class='ocr_line' id='line_1_1' title="bbox 677 429 720 498; baseline 0 0"><span class='ocrx_word' id='word_1_1' title='bbox 677 429 720 498; x_wconf 82' lang='lat' dir='ltr'>te</span> 
     </span>
    </p>
   </div>
   <div class='ocr_carea' id='block_1_2' title="bbox 159 597 1325 4557">
    <p class='ocr_par' dir='ltr' id='par_1_2' title="bbox 159 597 1325 4557">
     <span class='ocr_line' id='line_1_2' title="bbox 244 597 1244 679; baseline 0 -9"><span class='ocrx_word' id='word_1_2' title='bbox 244 602 408 670; x_wconf 81' lang='lat' dir='ltr'>Coeruerot</span> <span class='ocrx_word' id='word_1_3' title='bbox 419 612 516 668; x_wconf 83' lang='lat' dir='ltr'>eutem</span> <span class='ocrx_word' id='word_1_4' title='bbox 531 608 596 666; x_wconf 85' lang='lat' dir='ltr'>tote</span> <span class='ocrx_word' id='word_1_5' title='bbox 607 601 682 667; x_wconf 81' lang='lat' dir='ltr'>hoec</span> <span class='ocrx_word' id='word_1_6' title='bbox 696 600 840 679; x_wconf 81' lang='lat' dir='ltr'>doctrine,</span> <span class='ocrx_word' id='word_1_7' title='bbox 865 599 892 665; x_wconf 86' lang='lat' dir='ltr'>sl</span> <span class='ocrx_word' id='word_1_8' title='bbox 905 597 987 666; x_wconf 82' lang='lat' dir='ltr'>Lirli</span> <span class='ocrx_word' id='word_1_9' title='bbox 1005 613 1106 668; x_wconf 83' lang='lat' dir='ltr'>essent</span> <span class='ocrx_word' id='word_1_10' title='bbox 1123 602 1244 670; x_wconf 83' lang='lat' dir='ltr'>Andro·</span> 
     </span>
     <span class='ocr_line' id='line_1_3' title="bbox 160 700 1244 790; baseline 0.004 -19"><span class='ocrx_word' id='word_1_11' title='bbox 160 707 218 771; x_wconf 83' lang='lat' dir='ltr'>uici</span> <span class='ocrx_word' id='word_1_12' title='bbox 233 727 339 771; x_wconf 88' lang='lat' dir='ltr'>versus</span> <span class='ocrx_word' id='word_1_13' title='bbox 354 703 398 769; x_wconf 89' lang='lat' dir='ltr'>illi</span> <span class='ocrx_word' id='word_1_14' title='bbox 412 725 454 770; x_wconf 87' lang='lat' dir='ltr'>ex</span> <span class='ocrx_word' id='word_1_15' title='bbox 468 713 555 789; x_wconf 84' lang='lat' dir='ltr'>perte</span> <span class='ocrx_word' id='word_1_16' title='bbox 569 704 706 790; x_wconf 74' lang='grc' dir='ltr'>μείουροι</span> <span class='ocrx_word' id='word_1_17' title='bbox 720 725 795 786; x_wconf 85' lang='lat' dir='ltr'>quos</span> <span class='ocrx_word' id='word_1_18' title='bbox 808 700 1007 768; x_wconf 79' lang='lat' dir='ltr'>Terentianus</span> <span class='ocrx_word' id='word_1_19' title='bbox 1019 702 1145 770; x_wconf 80' lang='lat' dir='ltr'>Mamm</span> <span class='ocrx_word' id='word_1_20' title='bbox 1162 714 1244 774; x_wconf 71' lang='lat' dir='ltr'>dudd</span> 
     </span>
     <span class='ocr_line' id='line_1_4' title="bbox 160 804 1245 895; baseline 0 -19"><span class='ocrx_word' id='word_1_21' title='bbox 160 804 676 895; x_wconf 54' lang='lat' dir='ltr'>(pusaeumuanexlnonceius</span> <span class='ocrx_word' id='word_1_22' title='bbox 683 806 1074 890; x_wconf 64' lang='lat' dir='ltr'>exemptosettnliuldtiom</span> <span class='ocrx_word' id='word_1_23' title='bbox 1084 829 1245 894; x_wconf 72' lang='lat' dir='ltr'>pneuma</span> 
     </span>
     <span class='ocr_line' id='line_1_5' title="bbox 159 903 1245 996; baseline 0.001 -21"><span class='ocrx_word' id='word_1_24' title='bbox 159 929 252 976; x_wconf 83' lang='lat' dir='ltr'>euros</span> <span class='ocrx_word' id='word_1_25' title='bbox 266 911 391 976; x_wconf 80' lang='lat' dir='ltr'>include</span> <span class='ocrx_word' id='word_1_26' title='bbox 407 909 569 986; x_wconf 72' lang='lat' dir='ltr'>cothurno,</span> <span class='ocrx_word' id='word_1_27' title='bbox 585 907 717 972; x_wconf 79' lang='lat' dir='ltr'>Balteus</span> <span class='ocrx_word' id='word_1_28' title='bbox 733 919 765 972; x_wconf 84' lang='lat' dir='ltr'>ct</span> <span class='ocrx_word' id='word_1_29' title='bbox 775 918 903 973; x_wconf 71' lang='lat' dir='ltr'>muccet</span> <span class='ocrx_word' id='word_1_30' title='bbox 915 903 1059 974; x_wconf 73' lang='lat' dir='ltr'>autumes</span> <span class='ocrx_word' id='word_1_31' title='bbox 1072 911 1105 974; x_wconf 85' lang='lat' dir='ltr'>iu</span> <span class='ocrx_word' id='word_1_32' title='bbox 1117 921 1245 996; x_wconf 85' lang='lat' dir='ltr'>pectore</span> 
     </span>
     <span class='ocr_line' id='line_1_6' title="bbox 159 1009 1325 1098; baseline 0 -22"><span class='ocrx_word' id='word_1_33' title='bbox 159 1014 260 1088; x_wconf 70' lang='lat' dir='ltr'>stunc,</span> <span class='ocrx_word' id='word_1_34' title='bbox 284 1009 461 1098; x_wconf 74' lang='lat' dir='ltr'><em>Pressaque</em></span> <span class='ocrx_word' id='word_1_35' title='bbox 479 1013 540 1075; x_wconf 80' lang='lat' dir='ltr'>ium</span> <span class='ocrx_word' id='word_1_36' title='bbox 558 1009 697 1095; x_wconf 81' lang='lat' dir='ltr'>grauido</span> <span class='ocrx_word' id='word_1_37' title='bbox 710 1013 863 1095; x_wconf 73' lang='lat' dir='ltr'><em>crepitent</em></span> <span class='ocrx_word' id='word_1_38' title='bbox 886 1011 947 1074; x_wconf 79' lang='lat' dir='ltr'>etti</span> <span class='ocrx_word' id='word_1_39' title='bbox 965 1020 1058 1097; x_wconf 85' lang='lat' dir='ltr'>terga</span> <span class='ocrx_word' id='word_1_40' title='bbox 1070 1011 1244 1096; x_wconf 73' lang='lat' dir='ltr'>pharetro:</span> <span class='ocrx_word' id='word_1_41' title='bbox 1318 1021 1325 1040; x_wconf 67' lang='lat'>⁸</span> 
     </span>
     <span class='ocr_line' id='line_1_7' title="bbox 161 1111 1246 1199; baseline 0.003 -23"><span class='ocrx_word' id='word_1_42' title='bbox 161 1112 287 1199; x_wconf 79' lang='lat' dir='ltr'>Derige</span> <span class='ocrx_word' id='word_1_43' title='bbox 302 1114 515 1198; x_wconf 61' lang='lat' dir='ltr'>=odorisequoc</span> <span class='ocrx_word' id='word_1_44' title='bbox 537 1111 581 1176; x_wconf 87' lang='lat' dir='ltr'>ud</span> <span class='ocrx_word' id='word_1_45' title='bbox 605 1119 695 1176; x_wconf 81' lang='lat' dir='ltr'>certo</span> <span class='ocrx_word' id='word_1_46' title='bbox 717 1111 833 1176; x_wconf 80' lang='lat' dir='ltr'>cubitio</span> <span class='ocrx_word' id='word_1_47' title='bbox 853 1133 960 1176; x_wconf 61' lang='lat' dir='ltr'>cauce,</span> <span class='ocrx_word' id='word_1_48' title='bbox 989 1112 1042 1176; x_wconf 85' lang='lat' dir='ltr'>s&#39;ed</span> <span class='ocrx_word' id='word_1_49' title='bbox 1062 1112 1117 1178; x_wconf 87' lang='lat' dir='ltr'>hos</span> <span class='ocrx_word' id='word_1_50' title='bbox 1139 1133 1246 1178; x_wconf 83' lang='lat' dir='ltr'>versus</span> 
     </span>
     <span class='ocr_line' id='line_1_8' title="bbox 162 1209 1247 1298; baseline 0.002 -20"><span class='ocrx_word' id='word_1_51' title='bbox 162 1235 224 1278; x_wconf 92' lang='lat' dir='ltr'>non</span> <span class='ocrx_word' id='word_1_52' title='bbox 250 1235 318 1278; x_wconf 87' lang='lat' dir='ltr'>esse</span> <span class='ocrx_word' id='word_1_53' title='bbox 340 1213 422 1278; x_wconf 87' lang='lat' dir='ltr'>Livii</span> <span class='ocrx_word' id='word_1_54' title='bbox 445 1212 589 1298; x_wconf 85' lang='lat' dir='ltr'>Iosephus</span> <span class='ocrx_word' id='word_1_55' title='bbox 611 1209 747 1297; x_wconf 74' lang='lat' dir='ltr'>Scaliger</span> <span class='ocrx_word' id='word_1_56' title='bbox 766 1211 876 1297; x_wconf 86' lang='lat' dir='ltr'>primns</span> <span class='ocrx_word' id='word_1_57' title='bbox 897 1223 979 1278; x_wconf 88' lang='lat' dir='ltr'>recte</span> <span class='ocrx_word' id='word_1_58' title='bbox 998 1213 1163 1294; x_wconf 75' lang='lat' dir='ltr'>intellexit,</span> <span class='ocrx_word' id='word_1_59' title='bbox 1197 1215 1247 1280; x_wconf 90' lang='lat' dir='ltr'>cni</span> 
     </span>
     <span class='ocr_line' id='line_1_9' title="bbox 163 1314 1247 1401; baseline 0.005 -23"><span class='ocrx_word' id='word_1_60' title='bbox 163 1325 268 1400; x_wconf 84' lang='lat' dir='ltr'>postea</span> <span class='ocrx_word' id='word_1_61' title='bbox 287 1316 412 1401; x_wconf 88' lang='lat' dir='ltr'>optimus</span> <span class='ocrx_word' id='word_1_62' title='bbox 432 1317 553 1399; x_wconf 82' lang='lat' dir='ltr'>quisque</span> <span class='ocrx_word' id='word_1_63' title='bbox 576 1335 717 1381; x_wconf 76' lang='lat' dir='ltr'>assensus</span> <span class='ocrx_word' id='word_1_64' title='bbox 740 1325 798 1378; x_wconf 79' lang='lat' dir='ltr'>est.</span> <span class='ocrx_word' id='word_1_65' title='bbox 825 1326 907 1380; x_wconf 81' lang='lat' dir='ltr'>recte</span> <span class='ocrx_word' id='word_1_66' title='bbox 933 1327 1032 1382; x_wconf 82' lang='lat' dir='ltr'>eutem</span> <span class='ocrx_word' id='word_1_67' title='bbox 1059 1314 1247 1383; x_wconf 83' lang='lat' dir='ltr'>Gotctrctus</span> 
     </span>
     <span class='ocr_line' id='line_1_10' title="bbox 162 1415 1247 1502; baseline 0 -20"><span class='ocrx_word' id='word_1_68' title='bbox 162 1415 352 1482; x_wconf 84' lang='lat' dir='ltr'>Hermcnnns</span> <span class='ocrx_word' id='word_1_69' title='bbox 368 1417 407 1482; x_wconf 90' lang='lat' dir='ltr'>el.</span> <span class='ocrx_word' id='word_1_70' title='bbox 421 1418 515 1480; x_wconf 87' lang='lat' dir='ltr'>doctr.</span> <span class='ocrx_word' id='word_1_71' title='bbox 531 1428 618 1482; x_wconf 87' lang='lat' dir='ltr'>metr.</span> <span class='ocrx_word' id='word_1_72' title='bbox 633 1440 663 1502; x_wconf 86' lang='lat' dir='ltr'>p.</span> <span class='ocrx_word' id='word_1_73' title='bbox 678 1423 741 1482; x_wconf 77' lang='lat'>3⁵4</span> <span class='ocrx_word' id='word_1_74' title='bbox 754 1428 846 1500; x_wconf 81' lang='lat' dir='ltr'>neget</span> <span class='ocrx_word' id='word_1_75' title='bbox 858 1418 996 1483; x_wconf 85' lang='lat' dir='ltr'>credibile</span> <span class='ocrx_word' id='word_1_76' title='bbox 1011 1439 1079 1484; x_wconf 86' lang='lat' dir='ltr'>esse</span> <span class='ocrx_word' id='word_1_77' title='bbox 1091 1416 1247 1483; x_wconf 84' lang='lat' dir='ltr'>Terentin-</span> 
     </span>
     <span class='ocr_line' id='line_1_11' title="bbox 163 1518 1247 1605; baseline 0.003 -23"><span class='ocrx_word' id='word_1_78' title='bbox 163 1521 289 1583; x_wconf 77' lang='lat' dir='ltr'>numito</span> <span class='ocrx_word' id='word_1_79' title='bbox 304 1541 337 1584; x_wconf 92' lang='lat' dir='ltr'>se</span> <span class='ocrx_word' id='word_1_80' title='bbox 350 1520 445 1605; x_wconf 79' lang='lat' dir='ltr'>decipi</span> <span class='ocrx_word' id='word_1_81' title='bbox 459 1540 577 1604; x_wconf 82' lang='lat' dir='ltr'>pessum</span> <span class='ocrx_word' id='word_1_82' title='bbox 592 1541 660 1586; x_wconf 84' lang='lat' dir='ltr'>esse</span> <span class='ocrx_word' id='word_1_83' title='bbox 672 1529 705 1582; x_wconf 85' lang='lat' dir='ltr'>nt</span> <span class='ocrx_word' id='word_1_84' title='bbox 717 1519 771 1584; x_wconf 89' lang='lat' dir='ltr'>hus</span> <span class='ocrx_word' id='word_1_85' title='bbox 783 1540 889 1584; x_wconf 88' lang='lat' dir='ltr'>versus</span> <span class='ocrx_word' id='word_1_86' title='bbox 905 1541 924 1582; x_wconf 86' lang='lat' dir='ltr'>e</span> <span class='ocrx_word' id='word_1_87' title='bbox 940 1518 1029 1584; x_wconf 89' lang='lat' dir='ltr'>Livio</span> <span class='ocrx_word' id='word_1_88' title='bbox 1050 1521 1101 1584; x_wconf 88' lang='lat' dir='ltr'>illo</span> <span class='ocrx_word' id='word_1_89' title='bbox 1121 1521 1247 1604; x_wconf 85' lang='lat' dir='ltr'>scriptos</span> 
     </span>
     <span class='ocr_line' id='line_1_12' title="bbox 163 1620 1247 1707; baseline 0.004 -23"><span class='ocrx_word' id='word_1_90' title='bbox 163 1632 290 1707; x_wconf 85' lang='lat' dir='ltr'>putaret.</span> <span class='ocrx_word' id='word_1_91' title='bbox 308 1643 363 1706; x_wconf 85' lang='lat' dir='ltr'>ego</span> <span class='ocrx_word' id='word_1_92' title='bbox 379 1643 453 1685; x_wconf 91' lang='lat' dir='ltr'>vero</span> <span class='ocrx_word' id='word_1_93' title='bbox 468 1620 679 1688; x_wconf 80' lang='lat' dir='ltr'>Terentianum</span> <span class='ocrx_word' id='word_1_94' title='bbox 694 1622 853 1686; x_wconf 89' lang='lat' dir='ltr'>ullomodo</span> <span class='ocrx_word' id='word_1_95' title='bbox 867 1621 1019 1706; x_wconf 84' lang='lat' dir='ltr'>deceptum</span> <span class='ocrx_word' id='word_1_96' title='bbox 1032 1643 1099 1688; x_wconf 87' lang='lat' dir='ltr'>esse</span> <span class='ocrx_word' id='word_1_97' title='bbox 1115 1624 1247 1688; x_wconf 79' lang='lat' dir='ltr'>antelios</span> 
     </span>
     <span class='ocr_line' id='line_1_13' title="bbox 163 1723 1248 1808; baseline 0.006 -24"><span class='ocrx_word' id='word_1_98' title='bbox 163 1723 298 1807; x_wconf 81' lang='lat' dir='ltr'>decipere</span> <span class='ocrx_word' id='word_1_99' title='bbox 311 1724 441 1788; x_wconf 87' lang='lat' dir='ltr'>voluisse</span> <span class='ocrx_word' id='word_1_100' title='bbox 455 1744 551 1808; x_wconf 80' lang='lat' dir='ltr'>nego:</span> <span class='ocrx_word' id='word_1_101' title='bbox 575 1724 644 1788; x_wconf 88' lang='lat' dir='ltr'>vide</span> <span class='ocrx_word' id='word_1_102' title='bbox 656 1724 734 1788; x_wconf 90' lang='lat' dir='ltr'>enim</span> <span class='ocrx_word' id='word_1_103' title='bbox 747 1724 852 1806; x_wconf 85' lang='lat' dir='ltr'>quihus</span> <span class='ocrx_word' id='word_1_104' title='bbox 866 1724 966 1789; x_wconf 84' lang='lat' dir='ltr'>verbis</span> <span class='ocrx_word' id='word_1_105' title='bbox 985 1725 1039 1790; x_wconf 88' lang='lat' dir='ltr'>hus</span> <span class='ocrx_word' id='word_1_106' title='bbox 1054 1747 1160 1792; x_wconf 85' lang='lat' dir='ltr'>versus</span> <span class='ocrx_word' id='word_1_107' title='bbox 1175 1745 1248 1796; x_wconf 86' lang='lat' dir='ltr'>suae</span> 
     </span>
     <span class='ocr_line' id='line_1_14' title="bbox 163 1823 1249 1910; baseline 0.005 -23"><span class='ocrx_word' id='word_1_108' title='bbox 163 1825 290 1888; x_wconf 84' lang='lat' dir='ltr'>orationi</span> <span class='ocrx_word' id='word_1_109' title='bbox 302 1836 452 1903; x_wconf 76' lang='lat' dir='ltr'>annectat,</span> <span class='ocrx_word' id='word_1_110' title='bbox 476 1827 585 1892; x_wconf 76' lang='lat' dir='ltr'>uictus</span> <span class='ocrx_word' id='word_1_111' title='bbox 597 1829 651 1892; x_wconf 80' lang='lat' dir='ltr'>ttte</span> <span class='ocrx_word' id='word_1_112' title='bbox 668 1835 757 1889; x_wconf 81' lang='lat' dir='ltr'>cetus</span> <span class='ocrx_word' id='word_1_113' title='bbox 777 1823 876 1890; x_wconf 82' lang='lat' dir='ltr'>Graio</span> <span class='ocrx_word' id='word_1_114' title='bbox 894 1832 1076 1910; x_wconf 70' lang='lat' dir='ltr'>cognomine</span> <span class='ocrx_word' id='word_1_115' title='bbox 1097 1851 1175 1894; x_wconf 83' lang='lat' dir='ltr'>enne</span> <span class='ocrx_word' id='word_1_116' title='bbox 1195 1829 1249 1894; x_wconf 84' lang='lat' dir='ltr'>Iu·</span> 
     </span>
     <span class='ocr_line' id='line_1_15' title="bbox 163 1927 1248 2012; baseline 0.004 -22"><span class='ocrx_word' id='word_1_117' title='bbox 163 1929 350 1994; x_wconf 65' lang='lat' dir='ltr'>ccrdtluoui</span> <span class='ocrx_word' id='word_1_118' title='bbox 361 1941 480 2001; x_wconf 75' lang='lat' dir='ltr'>cereus,</span> <span class='ocrx_word' id='word_1_119' title='bbox 497 1937 590 2012; x_wconf 80' lang='lat' dir='ltr'>puto,</span> <span class='ocrx_word' id='word_1_120' title='bbox 608 1929 672 1992; x_wconf 82' lang='lat' dir='ltr'>tute</span> <span class='ocrx_word' id='word_1_121' title='bbox 686 1927 844 1992; x_wconf 73' lang='lat' dir='ltr'>ducimur:</span> <span class='ocrx_word' id='word_1_122' title='bbox 873 1927 1047 1994; x_wconf 69' lang='lat' dir='ltr'>Procunm</span> <span class='ocrx_word' id='word_1_123' title='bbox 1065 1929 1161 1995; x_wconf 72' lang='lat' dir='ltr'>heroo</span> <span class='ocrx_word' id='word_1_124' title='bbox 1176 1929 1248 1996; x_wconf 84' lang='lat' dir='ltr'>sud·</span> 
     </span>
     <span class='ocr_line' id='line_1_16' title="bbox 165 2027 1250 2114; baseline 0.006 -22"><span class='ocrx_word' id='word_1_125' title='bbox 165 2031 273 2113; x_wconf 76' lang='lat' dir='ltr'>ritugrt</span> <span class='ocrx_word' id='word_1_126' title='bbox 285 2051 415 2114; x_wconf 86' lang='lat' dir='ltr'>nomque</span> <span class='ocrx_word' id='word_1_127' title='bbox 428 2032 563 2108; x_wconf 80' lang='lat' dir='ltr'>miuron,</span> <span class='ocrx_word' id='word_1_128' title='bbox 578 2030 733 2112; x_wconf 78' lang='lat' dir='ltr'>Hymuuru</span> <span class='ocrx_word' id='word_1_129' title='bbox 741 2027 864 2113; x_wconf 83' lang='lat' dir='ltr'>quondo</span> <span class='ocrx_word' id='word_1_130' title='bbox 877 2028 1084 2112; x_wconf 76' lang='lat' dir='ltr'>chorussesto</span> <span class='ocrx_word' id='word_1_131' title='bbox 1098 2035 1185 2096; x_wconf 84' lang='lat' dir='ltr'>euuit</span> <span class='ocrx_word' id='word_1_132' title='bbox 1193 2053 1250 2098; x_wconf 83' lang='lat' dir='ltr'>ere</span> 
     </span>
     <span class='ocr_line' id='line_1_17' title="bbox 169 2125 1250 2214; baseline 0.004 -20"><span class='ocrx_word' id='word_1_133' title='bbox 169 2125 304 2194; x_wconf 78' lang='lat' dir='ltr'>Triuiae.</span> <span class='ocrx_word' id='word_1_134' title='bbox 330 2131 401 2193; x_wconf 90' lang='lat' dir='ltr'>dicit</span> <span class='ocrx_word' id='word_1_135' title='bbox 409 2141 488 2214; x_wconf 84' lang='lat' dir='ltr'>puto</span> <span class='ocrx_word' id='word_1_136' title='bbox 502 2140 534 2192; x_wconf 85' lang='lat' dir='ltr'>et</span> <span class='ocrx_word' id='word_1_137' title='bbox 556 2132 618 2194; x_wconf 86' lang='lat' dir='ltr'>tole</span> <span class='ocrx_word' id='word_1_138' title='bbox 632 2129 782 2194; x_wconf 79' lang='lat' dir='ltr'>deciman.</span> <span class='ocrx_word' id='word_1_139' title='bbox 807 2129 972 2212; x_wconf 84' lang='lat' dir='ltr'>putabimus</span> <span class='ocrx_word' id='word_1_140' title='bbox 996 2130 1086 2213; x_wconf 86' lang='lat' dir='ltr'>igitur</span> <span class='ocrx_word' id='word_1_141' title='bbox 1108 2129 1250 2198; x_wconf 84' lang='lat' dir='ltr'>Caesium</span> 
     </span>
     <span class='ocr_line' id='line_1_18' title="bbox 164 2228 1251 2316; baseline 0.004 -22"><span class='ocrx_word' id='word_1_142' title='bbox 164 2228 293 2294; x_wconf 83' lang='lat' dir='ltr'>Bessum</span> <span class='ocrx_word' id='word_1_143' title='bbox 308 2230 468 2316; x_wconf 78' lang='grc' dir='ltr'><strong><em>μειούρους</em></strong></span> <span class='ocrx_word' id='word_1_144' title='bbox 488 2231 629 2314; x_wconf 78' lang='lat' dir='ltr'>quosdam</span> <span class='ocrx_word' id='word_1_145' title='bbox 651 2251 757 2296; x_wconf 87' lang='lat' dir='ltr'>versus</span> <span class='ocrx_word' id='word_1_146' title='bbox 779 2252 820 2296; x_wconf 87' lang='lat' dir='ltr'>ex</span> <span class='ocrx_word' id='word_1_147' title='bbox 840 2231 1003 2296; x_wconf 86' lang='lat' dir='ltr'>innumeris</span> <span class='ocrx_word' id='word_1_148' title='bbox 1018 2233 1148 2298; x_wconf 71' lang='lat' dir='ltr'>uomens</span> <span class='ocrx_word' id='word_1_149' title='bbox 1169 2231 1251 2298; x_wconf 86' lang='lat' dir='ltr'>Livii</span> 
     </span>
     <span class='ocr_line' id='line_1_19' title="bbox 166 2329 1251 2419; baseline 0.003 -23"><span class='ocrx_word' id='word_1_150' title='bbox 166 2333 303 2398; x_wconf 81' lang='lat' dir='ltr'>elicuisse</span> <span class='ocrx_word' id='word_1_151' title='bbox 317 2333 373 2400; x_wconf 84' lang='lat' dir='ltr'>sihi</span> <span class='ocrx_word' id='word_1_152' title='bbox 387 2333 482 2398; x_wconf 90' lang='lat' dir='ltr'>visum</span> <span class='ocrx_word' id='word_1_153' title='bbox 494 2355 573 2412; x_wconf 87' lang='lat' dir='ltr'>esse,</span> <span class='ocrx_word' id='word_1_154' title='bbox 592 2343 624 2398; x_wconf 87' lang='lat' dir='ltr'>nt</span> <span class='ocrx_word' id='word_1_155' title='bbox 638 2329 795 2400; x_wconf 75' lang='lat' dir='ltr'>Saturnios</span> <span class='ocrx_word' id='word_1_156' title='bbox 808 2335 884 2418; x_wconf 87' lang='lat' dir='ltr'>apud</span> <span class='ocrx_word' id='word_1_157' title='bbox 893 2331 1025 2399; x_wconf 84' lang='lat' dir='ltr'>Graecos</span> <span class='ocrx_word' id='word_1_158' title='bbox 1034 2344 1136 2419; x_wconf 84' lang='lat' dir='ltr'>poetas</span> <span class='ocrx_word' id='word_1_159' title='bbox 1147 2333 1251 2419; x_wconf 85' lang='lat' dir='ltr'>depre-</span> 
     </span>
     <span class='ocr_line' id='line_1_20' title="bbox 165 2433 1248 2521; baseline 0.002 -23"><span class='ocrx_word' id='word_1_160' title='bbox 165 2436 254 2500; x_wconf 83' lang='lat' dir='ltr'>hendi</span> <span class='ocrx_word' id='word_1_161' title='bbox 275 2457 342 2500; x_wconf 93' lang='lat' dir='ltr'>enm</span> <span class='ocrx_word' id='word_1_162' title='bbox 364 2447 483 2521; x_wconf 82' lang='lat' dir='ltr'>putasse</span> <span class='ocrx_word' id='word_1_163' title='bbox 504 2435 613 2501; x_wconf 82' lang='lat' dir='ltr'>Atilius</span> <span class='ocrx_word' id='word_1_164' title='bbox 635 2433 867 2502; x_wconf 85' lang='lat' dir='ltr'>Fortunatiauns</span> <span class='ocrx_word' id='word_1_165' title='bbox 888 2447 1034 2502; x_wconf 85' lang='lat' dir='ltr'>monstret</span> <span class='ocrx_word' id='word_1_166' title='bbox 1053 2459 1083 2521; x_wconf 89' lang='lat' dir='ltr'>p.</span> <span class='ocrx_word' id='word_1_167' title='bbox 1105 2443 1190 2504; x_wconf 79' lang='lat'><strong>2680</strong></span> <span class='ocrx_word' id='word_1_168' title='bbox 1210 2435 1248 2502; x_wconf 90' lang='lat' dir='ltr'>P.</span> 
     </span>
     <span class='ocr_line' id='line_1_21' title="bbox 166 2537 1251 2624; baseline 0.004 -24"><span class='ocrx_word' id='word_1_169' title='bbox 166 2537 219 2622; x_wconf 81' lang='lat' dir='ltr'>(ne</span> <span class='ocrx_word' id='word_1_170' title='bbox 234 2537 328 2600; x_wconf 88' lang='lat' dir='ltr'>dicam</span> <span class='ocrx_word' id='word_1_171' title='bbox 340 2538 377 2602; x_wconf 92' lang='lat' dir='ltr'>de</span> <span class='ocrx_word' id='word_1_172' title='bbox 393 2540 531 2623; x_wconf 74' lang='lat' dir='ltr'>evulgato</span> <span class='ocrx_word' id='word_1_173' title='bbox 544 2560 649 2624; x_wconf 85' lang='lat' dir='ltr'>nuper,</span> <span class='ocrx_word' id='word_1_174' title='bbox 674 2538 726 2603; x_wconf 87' lang='lat' dir='ltr'>sed</span> <span class='ocrx_word' id='word_1_175' title='bbox 738 2539 868 2604; x_wconf 90' lang='lat' dir='ltr'>nondum</span> <span class='ocrx_word' id='word_1_176' title='bbox 888 2540 1043 2603; x_wconf 81' lang='lat' dir='ltr'>emendato</span> <span class='ocrx_word' id='word_1_177' title='bbox 1058 2559 1153 2622; x_wconf 90' lang='lat' dir='ltr'>neque</span> <span class='ocrx_word' id='word_1_178' title='bbox 1168 2550 1251 2604; x_wconf 86' lang='lat' dir='ltr'>recte</span> 
     </span>
     <span class='ocr_line' id='line_1_22' title="bbox 165 2637 1249 2725; baseline 0.005 -25"><span class='ocrx_word' id='word_1_179' title='bbox 165 2637 242 2702; x_wconf 89' lang='lat' dir='ltr'>lecto</span> <span class='ocrx_word' id='word_1_180' title='bbox 258 2637 388 2704; x_wconf 87' lang='lat' dir='ltr'>Charisii</span> <span class='ocrx_word' id='word_1_181' title='bbox 403 2642 510 2725; x_wconf 89' lang='lat' dir='ltr'>eapite,</span> <span class='ocrx_word' id='word_1_182' title='bbox 525 2643 602 2724; x_wconf 88' lang='lat' dir='ltr'>quod</span> <span class='ocrx_word' id='word_1_183' title='bbox 617 2640 743 2707; x_wconf 86' lang='lat' dir='ltr'>insimili</span> <span class='ocrx_word' id='word_1_184' title='bbox 751 2638 854 2707; x_wconf 83' lang='lat' dir='ltr'>Gnosii</span> <span class='ocrx_word' id='word_1_185' title='bbox 865 2639 954 2706; x_wconf 79' lang='lat' dir='ltr'>Bessi</span> <span class='ocrx_word' id='word_1_186' title='bbox 969 2645 1249 2725; x_wconf 80' lang='lat' dir='ltr'>erroreversetnr)=</span> 
     </span>
     <span class='ocr_line' id='line_1_23' title="bbox 167 2738 1254 2826; baseline 0.004 -24"><span class='ocrx_word' id='word_1_187' title='bbox 167 2760 320 2820; x_wconf 87' lang='lat' dir='ltr'>quoscum</span> <span class='ocrx_word' id='word_1_188' title='bbox 335 2752 368 2803; x_wconf 83' lang='lat' dir='ltr'>ut</span> <span class='ocrx_word' id='word_1_189' title='bbox 378 2741 544 2804; x_wconf 89' lang='lat' dir='ltr'>inconditos</span> <span class='ocrx_word' id='word_1_190' title='bbox 558 2751 712 2825; x_wconf 85' lang='lat' dir='ltr'>respueret</span> <span class='ocrx_word' id='word_1_191' title='bbox 725 2738 935 2820; x_wconf 69' lang='lat' dir='ltr'>Terentianus,</span> <span class='ocrx_word' id='word_1_192' title='bbox 949 2744 1013 2826; x_wconf 91' lang='lat' dir='ltr'>ipse</span> <span class='ocrx_word' id='word_1_193' title='bbox 1029 2764 1124 2808; x_wconf 86' lang='lat' dir='ltr'>novos</span> <span class='ocrx_word' id='word_1_194' title='bbox 1139 2765 1181 2808; x_wconf 85' lang='lat' dir='ltr'>ex</span> <span class='ocrx_word' id='word_1_195' title='bbox 1195 2744 1254 2807; x_wconf 87' lang='lat' dir='ltr'>hoo</span> 
     </span>
     <span class='ocr_line' id='line_1_24' title="bbox 168 2837 1252 2925; baseline 0.008 -24"><span class='ocrx_word' id='word_1_196' title='bbox 168 2858 278 2922; x_wconf 83' lang='lat' dir='ltr'>genere</span> <span class='ocrx_word' id='word_1_197' title='bbox 299 2839 463 2904; x_wconf 85' lang='lat' dir='ltr'>versiculos</span> <span class='ocrx_word' id='word_1_198' title='bbox 484 2840 659 2924; x_wconf 86' lang='lat' dir='ltr'>composuit.</span> <span class='ocrx_word' id='word_1_199' title='bbox 683 2839 815 2904; x_wconf 82' lang='lat' dir='ltr'>similiter</span> <span class='ocrx_word' id='word_1_200' title='bbox 837 2853 974 2925; x_wconf 80' lang='lat' dir='ltr'>tanquam</span> <span class='ocrx_word' id='word_1_201' title='bbox 993 2837 1127 2916; x_wconf 71' lang='lat' dir='ltr'>saturnii</span> <span class='ocrx_word' id='word_1_202' title='bbox 1145 2865 1252 2910; x_wconf 85' lang='lat' dir='ltr'>versus</span> 
     </span>
     <span class='ocr_line' id='line_1_25' title="bbox 168 2942 1254 3027; baseline 0.006 -24"><span class='ocrx_word' id='word_1_203' title='bbox 168 2942 305 3027; x_wconf 84' lang='lat' dir='ltr'>exemplo</span> <span class='ocrx_word' id='word_1_204' title='bbox 320 2963 379 3006; x_wconf 92' lang='lat' dir='ltr'>nuo</span> <span class='ocrx_word' id='word_1_205' title='bbox 399 2952 514 3006; x_wconf 84' lang='lat' dir='ltr'>tentum</span> <span class='ocrx_word' id='word_1_206' title='bbox 533 2963 604 3006; x_wconf 84' lang='lat' dir='ltr'>usus</span> <span class='ocrx_word' id='word_1_207' title='bbox 623 2951 670 3005; x_wconf 85' lang='lat' dir='ltr'>est</span> <span class='ocrx_word' id='word_1_208' title='bbox 687 2943 909 3008; x_wconf 84' lang='lat' dir='ltr'>accuratissimo</span> <span class='ocrx_word' id='word_1_209' title='bbox 928 2944 1096 3021; x_wconf 86' lang='lat' dir='ltr'>versiculo,</span> <span class='ocrx_word' id='word_1_210' title='bbox 1119 2945 1254 3026; x_wconf 76' lang='lat' dir='ltr'>Dabunt</span> 
     </span>
     <span class='ocr_line' id='line_1_26' title="bbox 167 3042 1251 3130; baseline 0.006 -23"><span class='ocrx_word' id='word_1_211' title='bbox 167 3045 281 3107; x_wconf 85' lang='lat' dir='ltr'>mulum</span> <span class='ocrx_word' id='word_1_212' title='bbox 300 3043 428 3110; x_wconf 79' lang='lat' dir='ltr'>Metelli</span> <span class='ocrx_word' id='word_1_213' title='bbox 442 3045 565 3110; x_wconf 83' lang='lat' dir='ltr'>Naeuio</span> <span class='ocrx_word' id='word_1_214' title='bbox 582 3055 710 3130; x_wconf 83' lang='lat' dir='ltr'>poetae.</span> <span class='ocrx_word' id='word_1_215' title='bbox 734 3043 825 3127; x_wconf 87' lang='lat' dir='ltr'>ipsius</span> <span class='ocrx_word' id='word_1_216' title='bbox 847 3045 937 3129; x_wconf 83' lang='lat' dir='ltr'>igitur</span> <span class='ocrx_word' id='word_1_217' title='bbox 956 3042 1132 3110; x_wconf 79' lang='lat' dir='ltr'>Terentiam</span> <span class='ocrx_word' id='word_1_218' title='bbox 1145 3067 1251 3114; x_wconf 87' lang='lat' dir='ltr'>versus</span> 
     </span>
     <span class='ocr_line' id='line_1_27' title="bbox 168 3143 1253 3231; baseline 0.006 -23"><span class='ocrx_word' id='word_1_219' title='bbox 168 3143 321 3224; x_wconf 85' lang='lat' dir='ltr'>hebemus,</span> <span class='ocrx_word' id='word_1_220' title='bbox 345 3166 404 3210; x_wconf 92' lang='lat' dir='ltr'>non</span> <span class='ocrx_word' id='word_1_221' title='bbox 419 3145 501 3210; x_wconf 87' lang='lat' dir='ltr'>Livii</span> <span class='ocrx_word' id='word_1_222' title='bbox 515 3167 610 3231; x_wconf 88' lang='lat' dir='ltr'>neque</span> <span class='ocrx_word' id='word_1_223' title='bbox 623 3146 697 3210; x_wconf 88' lang='lat' dir='ltr'>alins</span> <span class='ocrx_word' id='word_1_224' title='bbox 711 3157 816 3230; x_wconf 88' lang='lat' dir='ltr'>poetae</span> <span class='ocrx_word' id='word_1_225' title='bbox 828 3147 958 3230; x_wconf 70' lang='lat' dir='ltr'>entipnz</span> <span class='ocrx_word' id='word_1_226' title='bbox 983 3148 1036 3212; x_wconf 89' lang='lat' dir='ltr'>sed</span> <span class='ocrx_word' id='word_1_227' title='bbox 1057 3145 1139 3212; x_wconf 89' lang='lat' dir='ltr'>Livii</span> <span class='ocrx_word' id='word_1_228' title='bbox 1154 3159 1253 3214; x_wconf 66' lang='lat' dir='ltr'>umen</span> 
     </span>
     <span class='ocr_line' id='line_1_28' title="bbox 167 3245 1254 3332; baseline 0.005 -21"><span class='ocrx_word' id='word_1_229' title='bbox 167 3245 333 3312; x_wconf 85' lang='lat' dir='ltr'>Andronici</span> <span class='ocrx_word' id='word_1_230' title='bbox 345 3247 756 3321; x_wconf 80' lang='lat' dir='ltr'>inisselncuemcertnmest.</span> <span class='ocrx_word' id='word_1_231' title='bbox 773 3251 958 3332; x_wconf 88' lang='lat' dir='ltr'>nequeenim</span> <span class='ocrx_word' id='word_1_232' title='bbox 969 3249 1128 3324; x_wconf 87' lang='lat' dir='ltr'>innomine</span> <span class='ocrx_word' id='word_1_233' title='bbox 1135 3269 1254 3328; x_wconf 75' lang='lat' dir='ltr'>errasse</span> 
     </span>
     <span class='ocr_line' id='line_1_29' title="bbox 168 3345 1253 3440; baseline 0.004 -26"><span class='ocrx_word' id='word_1_234' title='bbox 168 3345 295 3414; x_wconf 84' lang='lat' dir='ltr'>Bessum</span> <span class='ocrx_word' id='word_1_235' title='bbox 309 3351 368 3414; x_wconf 85' lang='lat' dir='ltr'>ulle</span> <span class='ocrx_word' id='word_1_236' title='bbox 380 3351 496 3416; x_wconf 85' lang='lat' dir='ltr'>ratione</span> <span class='ocrx_word' id='word_1_237' title='bbox 511 3351 668 3417; x_wconf 88' lang='lat' dir='ltr'>evincitur.</span> <span class='ocrx_word' id='word_1_238' title='bbox 688 3351 719 3416; x_wconf 92' lang='lat' dir='ltr'>in</span> <span class='ocrx_word' id='word_1_239' title='bbox 732 3349 814 3416; x_wconf 83' lang='lat' dir='ltr'>Livii</span> <span class='ocrx_word' id='word_1_240' title='bbox 828 3353 918 3436; x_wconf 82' lang='lat' dir='ltr'>igitur</span> <span class='ocrx_word' id='word_1_241' title='bbox 930 3351 1025 3420; x_wconf 90' lang='lat' dir='ltr'>Inone</span> <span class='ocrx_word' id='word_1_242' title='bbox 1033 3355 1173 3440; x_wconf 80' lang='lat' dir='ltr'>hymnum</span> <span class='ocrx_word' id='word_1_243' title='bbox 1183 3375 1253 3418; x_wconf 88' lang='lat' dir='ltr'>eeu·</span> 
     </span>
     <span class='ocr_line' id='line_1_30' title="bbox 169 3451 1254 3542; baseline 0.006 -27"><span class='ocrx_word' id='word_1_244' title='bbox 169 3462 261 3516; x_wconf 85' lang='lat' dir='ltr'>tetum</span> <span class='ocrx_word' id='word_1_245' title='bbox 276 3451 491 3518; x_wconf 81' lang='lat' dir='ltr'>luisseDiauee</span> <span class='ocrx_word' id='word_1_246' title='bbox 504 3453 720 3540; x_wconf 80' lang='lat' dir='ltr'>intellegimus:</span> <span class='ocrx_word' id='word_1_247' title='bbox 737 3454 822 3536; x_wconf 84' lang='lat' dir='ltr'>quale</span> <span class='ocrx_word' id='word_1_248' title='bbox 831 3477 951 3520; x_wconf 85' lang='lat' dir='ltr'>eermen</span> <span class='ocrx_word' id='word_1_249' title='bbox 962 3457 1012 3538; x_wconf 87' lang='lat' dir='ltr'>qni</span> <span class='ocrx_word' id='word_1_250' title='bbox 1025 3456 1254 3542; x_wconf 79' lang='lat' dir='ltr'>potneritlocum</span> 
     </span>
     <span class='ocr_line' id='line_1_31' title="bbox 169 3552 1251 3641; baseline 0 -23"><span class='ocrx_word' id='word_1_251' title='bbox 169 3552 304 3618; x_wconf 87' lang='lat' dir='ltr'>invenire</span> <span class='ocrx_word' id='word_1_252' title='bbox 317 3555 350 3616; x_wconf 93' lang='lat' dir='ltr'>in</span> <span class='ocrx_word' id='word_1_253' title='bbox 363 3555 414 3618; x_wconf 87' lang='lat' dir='ltr'>ille</span> <span class='ocrx_word' id='word_1_254' title='bbox 428 3556 527 3619; x_wconf 77' lang='lat' dir='ltr'>lebme</span> <span class='ocrx_word' id='word_1_255' title='bbox 539 3556 616 3628; x_wconf 87' lang='lat' dir='ltr'>bene</span> <span class='ocrx_word' id='word_1_256' title='bbox 629 3557 729 3622; x_wconf 88' lang='lat' dir='ltr'>docuit</span> <span class='ocrx_word' id='word_1_257' title='bbox 740 3554 936 3622; x_wconf 88' lang='lat' dir='ltr'>Weiohertns</span> <span class='ocrx_word' id='word_1_258' title='bbox 958 3568 1038 3641; x_wconf 86' lang='lat' dir='ltr'>poet.</span> <span class='ocrx_word' id='word_1_259' title='bbox 1057 3556 1201 3636; x_wconf 73' lang='lat' dir='ltr'>Letrel.</span> <span class='ocrx_word' id='word_1_260' title='bbox 1221 3577 1251 3638; x_wconf 91' lang='lat' dir='ltr'>p.</span> 
     </span>
     <span class='ocr_line' id='line_1_32' title="bbox 170 3654 1257 3743; baseline 0.001 -24"><span class='ocrx_word' id='word_1_261' title='bbox 170 3663 223 3719; x_wconf 80' lang='lat'>⁷3.</span> <span class='ocrx_word' id='word_1_262' title='bbox 247 3656 300 3718; x_wconf 90' lang='lat' dir='ltr'>sed</span> <span class='ocrx_word' id='word_1_263' title='bbox 322 3656 484 3720; x_wconf 88' lang='lat' dir='ltr'>cumidem</span> <span class='ocrx_word' id='word_1_264' title='bbox 502 3656 698 3722; x_wconf 87' lang='lat' dir='ltr'>Weichertns</span> <span class='ocrx_word' id='word_1_265' title='bbox 719 3654 865 3742; x_wconf 80' lang='lat' dir='ltr'>Scaligeri</span> <span class='ocrx_word' id='word_1_266' title='bbox 886 3658 1053 3743; x_wconf 91' lang='lat' dir='ltr'>opinionem</span> <span class='ocrx_word' id='word_1_267' title='bbox 1072 3656 1204 3740; x_wconf 88' lang='lat' dir='ltr'>seqnitur</span> <span class='ocrx_word' id='word_1_268' title='bbox 1225 3667 1257 3720; x_wconf 86' lang='lat' dir='ltr'>et</span> 
     </span>
     <span class='ocr_line' id='line_1_33' title="bbox 169 3753 1255 3844; baseline 0.005 -25"><span class='ocrx_word' id='word_1_269' title='bbox 169 3753 294 3820; x_wconf 88' lang='lat' dir='ltr'>Inonem</span> <span class='ocrx_word' id='word_1_270' title='bbox 309 3779 328 3821; x_wconf 85' lang='lat' dir='ltr'>a</span> <span class='ocrx_word' id='word_1_271' title='bbox 341 3754 430 3822; x_wconf 86' lang='lat' dir='ltr'>Livio</span> <span class='ocrx_word' id='word_1_272' title='bbox 446 3757 603 3837; x_wconf 82' lang='lat' dir='ltr'>abiudicet,</span> <span class='ocrx_word' id='word_1_273' title='bbox 627 3760 759 3828; x_wconf 79' lang='lat' dir='ltr'>attribuit</span> <span class='ocrx_word' id='word_1_274' title='bbox 772 3759 900 3840; x_wconf 81' lang='lat' dir='ltr'>Laevio,</span> <span class='ocrx_word' id='word_1_275' title='bbox 924 3761 995 3827; x_wconf 86' lang='lat' dir='ltr'>mihi</span> <span class='ocrx_word' id='word_1_276' title='bbox 1013 3761 1129 3844; x_wconf 73' lang='lat' dir='ltr'>quidun</span> <span class='ocrx_word' id='word_1_277' title='bbox 1149 3759 1255 3844; x_wconf 83' lang='lat' dir='ltr'>prohe-</span> 
     </span>
     <span class='ocr_line' id='line_1_34' title="bbox 170 3857 1254 3950; baseline 0.004 -28"><span class='ocrx_word' id='word_1_278' title='bbox 170 3857 236 3922; x_wconf 84' lang='lat' dir='ltr'>bilis</span> <span class='ocrx_word' id='word_1_279' title='bbox 252 3859 515 3943; x_wconf 73' lang='lat' dir='ltr'>argumentationis</span> <span class='ocrx_word' id='word_1_280' title='bbox 527 3881 583 3926; x_wconf 89' lang='lat' dir='ltr'>neo</span> <span class='ocrx_word' id='word_1_281' title='bbox 597 3862 666 3926; x_wconf 83' lang='lat' dir='ltr'>volu</span> <span class='ocrx_word' id='word_1_282' title='bbox 681 3882 736 3926; x_wconf 91' lang='lat' dir='ltr'>nec</span> <span class='ocrx_word' id='word_1_283' title='bbox 750 3863 908 3946; x_wconf 82' lang='lat' dir='ltr'>vestigium</span> <span class='ocrx_word' id='word_1_284' title='bbox 923 3875 1061 3950; x_wconf 78' lang='lat' dir='ltr'>apparet:</span> <span class='ocrx_word' id='word_1_285' title='bbox 1076 3859 1254 3928; x_wconf 72' lang='lat' dir='ltr'>immotae-</span> 
     </span>
     <span class='ocr_line' id='line_1_35' title="bbox 170 3960 1254 4049; baseline 0.004 -27"><span class='ocrx_word' id='word_1_286' title='bbox 170 3960 213 4022; x_wconf 88' lang='lat' dir='ltr'>vii</span> <span class='ocrx_word' id='word_1_287' title='bbox 226 3980 392 4026; x_wconf 89' lang='lat' dir='ltr'>sermonem</span> <span class='ocrx_word' id='word_1_288' title='bbox 406 3961 456 4026; x_wconf 85' lang='lat' dir='ltr'>isti</span> <span class='ocrx_word' id='word_1_289' title='bbox 468 3983 574 4028; x_wconf 88' lang='lat' dir='ltr'>versus</span> <span class='ocrx_word' id='word_1_290' title='bbox 593 3985 653 4030; x_wconf 93' lang='lat' dir='ltr'>non</span> <span class='ocrx_word' id='word_1_291' title='bbox 672 3964 767 4048; x_wconf 80' lang='lat' dir='ltr'>magis</span> <span class='ocrx_word' id='word_1_292' title='bbox 786 3967 922 4030; x_wconf 84' lang='lat' dir='ltr'>referunt</span> <span class='ocrx_word' id='word_1_293' title='bbox 939 3989 1026 4049; x_wconf 75' lang='lat' dir='ltr'>queam</span> <span class='ocrx_word' id='word_1_294' title='bbox 1046 3963 1139 4030; x_wconf 84' lang='lat' dir='ltr'>Livii.</span> <span class='ocrx_word' id='word_1_295' title='bbox 1164 3981 1254 4043; x_wconf 81' lang='lat' dir='ltr'>qnare</span> 
     </span>
     <span class='ocr_line' id='line_1_36' title="bbox 172 4062 1254 4150; baseline -0.001 -24"><span class='ocrx_word' id='word_1_296' title='bbox 172 4062 200 4126; x_wconf 92' lang='lat' dir='ltr'>si</span> <span class='ocrx_word' id='word_1_297' title='bbox 212 4081 321 4144; x_wconf 80' lang='lat' dir='ltr'>ungere</span> <span class='ocrx_word' id='word_1_298' title='bbox 335 4063 454 4126; x_wconf 85' lang='lat' dir='ltr'>volebat</span> <span class='ocrx_word' id='word_1_299' title='bbox 472 4062 693 4134; x_wconf 80' lang='lat' dir='ltr'>Laevianorum</span> <span class='ocrx_word' id='word_1_300' title='bbox 713 4067 762 4150; x_wconf 84' lang='lat' dir='ltr'>qni</span> <span class='ocrx_word' id='word_1_301' title='bbox 783 4067 869 4132; x_wconf 78' lang='lat' dir='ltr'>ltodie</span> <span class='ocrx_word' id='word_1_302' title='bbox 889 4068 1093 4132; x_wconf 85' lang='lat' dir='ltr'>invenirentur</span> <span class='ocrx_word' id='word_1_303' title='bbox 1113 4083 1254 4126; x_wconf 86' lang='lat' dir='ltr'>versuum</span> 
     </span>
     <span class='ocr_line' id='line_1_37' title="bbox 173 4163 1254 4248; baseline 0.001 -21"><span class='ocrx_word' id='word_1_304' title='bbox 173 4183 338 4242; x_wconf 87' lang='lat' dir='ltr'>numerum,</span> <span class='ocrx_word' id='word_1_305' title='bbox 363 4166 457 4248; x_wconf 79' lang='lat' dir='ltr'>magis</span> <span class='ocrx_word' id='word_1_306' title='bbox 477 4167 514 4230; x_wconf 84' lang='lat' dir='ltr'>cd</span> <span class='ocrx_word' id='word_1_307' title='bbox 531 4188 597 4232; x_wconf 85' lang='lat' dir='ltr'>enm</span> <span class='ocrx_word' id='word_1_308' title='bbox 617 4189 681 4232; x_wconf 89' lang='lat' dir='ltr'>rem</span> <span class='ocrx_word' id='word_1_309' title='bbox 702 4168 1011 4234; x_wconf 75' lang='lat' dir='ltr'>conumebatafferre</span> <span class='ocrx_word' id='word_1_310' title='bbox 1030 4165 1173 4248; x_wconf 52' lang='lat' dir='ltr'>quosdam&gt;</span> <span class='ocrx_word' id='word_1_311' title='bbox 1190 4163 1254 4228; x_wconf 89' lang='lat' dir='ltr'>eius</span> 
     </span>
     <span class='ocr_line' id='line_1_38' title="bbox 173 4265 1255 4353; baseline 0.002 -25"><span class='ocrx_word' id='word_1_312' title='bbox 173 4265 336 4330; x_wconf 85' lang='lat' dir='ltr'>versiculos</span> <span class='ocrx_word' id='word_1_313' title='bbox 355 4268 404 4350; x_wconf 92' lang='lat' dir='ltr'>qni</span> <span class='ocrx_word' id='word_1_314' title='bbox 425 4289 485 4332; x_wconf 91' lang='lat' dir='ltr'>non</span> <span class='ocrx_word' id='word_1_315' title='bbox 507 4269 701 4348; x_wconf 86' lang='lat' dir='ltr'>delituerunt,</span> <span class='ocrx_word' id='word_1_316' title='bbox 733 4271 785 4340; x_wconf 86' lang='lat' dir='ltr'>sed</span> <span class='ocrx_word' id='word_1_317' title='bbox 805 4270 911 4334; x_wconf 93' lang='lat' dir='ltr'>dudum</span> <span class='ocrx_word' id='word_1_318' title='bbox 933 4270 1028 4353; x_wconf 84' lang='lat' dir='ltr'>palem</span> <span class='ocrx_word' id='word_1_319' title='bbox 1050 4267 1169 4330; x_wconf 81' lang='lat' dir='ltr'>inerunt</span> <span class='ocrx_word' id='word_1_320' title='bbox 1185 4275 1255 4330; x_wconf 87' lang='lat' dir='ltr'>ente</span> 
     </span>
     <span class='ocr_line' id='line_1_39' title="bbox 174 4363 1255 4450; baseline 0.001 -19"><span class='ocrx_word' id='word_1_321' title='bbox 174 4367 288 4432; x_wconf 86' lang='lat' dir='ltr'>oculos.</span> <span class='ocrx_word' id='word_1_322' title='bbox 312 4365 542 4436; x_wconf 83' lang='lat' dir='ltr'>Macrobiiheec</span> <span class='ocrx_word' id='word_1_323' title='bbox 558 4384 627 4437; x_wconf 90' lang='lat' dir='ltr'>sunt</span> <span class='ocrx_word' id='word_1_324' title='bbox 638 4371 730 4437; x_wconf 88' lang='lat' dir='ltr'>verbe</span> <span class='ocrx_word' id='word_1_325' title='bbox 745 4383 803 4438; x_wconf 87' lang='lat' dir='ltr'>set.</span> <span class='ocrx_word' id='word_1_326' title='bbox 820 4379 852 4450; x_wconf 77' lang='lat'>3,</span> <span class='ocrx_word' id='word_1_327' title='bbox 872 4379 910 4448; x_wconf 89' lang='lat'>8,</span> <span class='ocrx_word' id='word_1_328' title='bbox 935 4369 983 4434; x_wconf 86' lang='lat' dir='ltr'>nbi</span> <span class='ocrx_word' id='word_1_329' title='bbox 1006 4370 1042 4432; x_wconf 87' lang='lat' dir='ltr'>de</span> <span class='ocrx_word' id='word_1_330' title='bbox 1061 4368 1117 4432; x_wconf 89' lang='lat' dir='ltr'>deo</span> <span class='ocrx_word' id='word_1_331' title='bbox 1133 4363 1255 4432; x_wconf 87' lang='lat' dir='ltr'>Venere</span> 
     </span>
     <span class='ocr_line' id='line_1_40' title="bbox 173 4469 1255 4557; baseline 0 -23"><span class='ocrx_word' id='word_1_332' title='bbox 173 4470 311 4556; x_wconf 88' lang='lat' dir='ltr'>loquitur,</span> <span class='ocrx_word' id='word_1_333' title='bbox 337 4469 494 4540; x_wconf 64' lang='lat' dir='ltr'>Lucum</span> <span class='ocrx_word' id='word_1_334' title='bbox 509 4476 600 4540; x_wconf 83' lang='lat' dir='ltr'>etiam</span> <span class='ocrx_word' id='word_1_335' title='bbox 615 4478 661 4538; x_wconf 83' lang='lat' dir='ltr'>sic</span> <span class='ocrx_word' id='word_1_336' title='bbox 673 4476 731 4556; x_wconf 85' lang='lat' dir='ltr'>uit,</span> <span class='ocrx_word' id='word_1_337' title='bbox 751 4472 788 4537; x_wconf 90' lang='lat' dir='ltr'><em>V</em></span> <span class='ocrx_word' id='word_1_338' title='bbox 784 4493 904 4538; x_wconf 78' lang='lat' dir='ltr'>cucreut</span> <span class='ocrx_word' id='word_1_339' title='bbox 926 4474 1027 4557; x_wconf 68' lang='grc' dir='ltr'>ι’ςίῑιιι</span> <span class='ocrx_word' id='word_1_340' title='bbox 1048 4472 1160 4538; x_wconf 84' lang='lat' dir='ltr'>ulmum</span> <span class='ocrx_word' id='word_1_341' title='bbox 1179 4469 1255 4536; x_wconf 84' lang='lat' dir='ltr'>odo-</span> 
     </span>
    </p>
   </div>
   <div class='ocr_carea' id='block_1_3' title="bbox 0 0 1507 5088">
    <p class='ocr_par' dir='ltr' id='par_1_3' title="bbox 0 0 1507 5088">
     <span class='ocr_line' id='line_1_41' title="bbox 0 0 1507 5088; baseline 0 0"><span class='ocrx_word' id='word_1_342' title='bbox 0 0 1507 5088; x_wconf 95' lang='lat' dir='ltr'> </span> 
     </span>
    </p>
   </div>
  </div>
 </body>
</html>
