2966 5088
672 1383 690 1453 l

140 1548 230 1635 Quae
244 1562 317 1616 ante
331 1550 386 1614 bos
403 1557 546 1634 quattuor
560 1569 657 1614 annos
671 1550 708 1614 de
724 1547 908 1614 carminibus
921 1548 1036 1632 ahquot
1049 1544 1090 1630 Q.
1107 1546 1224 1614 Valerii

138 1651 256 1721 Cacutti
275 1651 512 1736 disputaveram,
535 1673 572 1716 ea
585 1651 694 1736 partim
713 1674 732 1716 a
752 1651 848 1716 doctis
869 1663 959 1736 atque
973 1650 1223 1734 intellegentibus

137 1754 246 1820 bartam
260 1775 364 1822 rerum
379 1753 641 1825 existimatoribus
655 1753 817 1838 approbata
832 1773 903 1816 esse
917 1774 1025 1836 magno
1041 1773 1117 1817 sane
1132 1773 1223 1838 opere

137 1857 270 1940 gaudeo,
292 1855 400 1938 partim
422 1875 546 1920 errasse
558 1876 609 1920 me
624 1865 678 1918 aut
690 1853 721 1918 id
734 1855 835 1937 ipsum
853 1855 932 1937 qnod
946 1875 1053 1920 verum
1075 1866 1161 1919 esset
1174 1865 1223 1920 ac*

138 1965 245 2022 curate
268 1977 330 2020 non
347 1954 489 2038 tetigisse
504 1952 696 2020 Godofredns
718 1954 849 2018 maxime
869 1954 1077 2033 HermannuS,
1101 1977 1225 2039 praeee-

139 2068 210 2138 ptor
223 2075 324 2132 meus,
346 2077 394 2118 me
410 2056 549 2118 edocuit:
573 2066 648 2118 sunt
662 2055 753 2121 etiam
766 2076 828 2118 non
843 2056 938 2132 nulla,
955 2058 1009 2119 sed
1024 2077 1130 2138 pauca,
1147 2079 1224 2140 qnae

140 2153 393 2237 avituperatione
408 2156 540 2220 fortasse
552 2155 667 2238 possim
678 2156 853 2220 defendere.
877 2175 984 2220 verum
995 2174 1036 2219 ne
1049 2156 1140 2220 nimis
1151 2159 1226 2228 mihi

41 2273 44 2288 ’
139 2257 206 2341 ipse
222 2258 341 2340 placere
362 2277 470 2339 meque
486 2277 586 2338 amate
601 2257 718 2334 videar,
743 2257 780 2322 de
802 2256 849 2320 his
869 2256 972 2323 dicere
987 2259 1223 2341 praetermittam

139 2371 230 2443 atque
250 2357 373 2424 initium
391 2357 481 2422 huius
499 2358 675 2442 scriptionis
692 2379 711 2422 a
728 2359 941 2442 neglegentiae
961 2360 1116 2424 cuiusdam
1137 2381 1223 2427 meae

140 2459 351 2528 emendatione
378 2481 530 2542 quaeram.
575 2460 607 2526 in
633 2459 766 2524 carmine
790 2460 872 2524 enim
898 2462 1095 2546 nonagesimo
1118 2464 1224 2547 quinto

139 2567 185 2651 (p.
199 2571 253 2642 72,
280 2572 314 2628 11
333 2561 394 2647 ss)
426 2559 567 2626 Satrachi
586 2572 617 2626 et
636 2559 761 2626 Padnae
781 2561 928 2628 voeabula
947 2585 1023 2629 vern
1044 2576 1076 2628 et
1098 2565 1134 2628 ab
1155 2567 1223 2650 ipso

139 2679 231 2753 poeta
247 2665 348 2750 posita
366 2675 540 2728 asserente
562 2663 681 2746 quidem
696 2664 840 2728 affirmavi
862 2666 997 2747 (quaest.
1017 2663 1087 2730 Cat.
1105 2687 1134 2750 p.
1152 2673 1222 2749 97),

139 2789 238 2850 nequae
259 2767 291 2828 id
309 2765 369 2830 feci
390 2764 525 2846 primus,
564 2765 618 2828 sed
636 2764 711 2826 illud
730 2784 878 2846 quaerere
898 2788 959 2830 non
980 2779 1066 2831 reete
1079 2770 1221 2851 neglexi,
1254 2807 1255 2810 =

140 2869 211 2953 quid
235 2865 439 2951 permovisset
461 2861 627 2941 Catullum,
650 2865 873 2930 reconditarum
893 2887 996 2930 rernm
1016 2869 1154 2932 notitiam
1173 2891 1223 2932 os-

139 2981 259 3036 tentare
273 2967 396 3032 minime
409 2964 546 3043 solitum,
570 2976 605 3030 nt
617 2965 781 3049 ignobilem
795 2963 892 3051 Cypri
904 2967 1030 3030 fluvium
1043 2989 1224 3034 commemo-

138 3093 209 3138 rare
226 3069 330 3136 mallet
349 3088 439 3151 quam
458 3067 617 3135 ebrioram
636 3077 700 3144 aut,
723 3068 802 3149 quod
817 3067 850 3132 in
863 3066 925 3132 ista
939 3067 1172 3152 propinquarum
1193 3085 1224 3139 et

138 3185 322 3240 remotarum
342 3171 503 3255 regionum
521 3168 710 3254 oppositione
732 3169 957 3254 expectaveris,
980 3170 1223 3254 longinquiorem

139 3279 247 3342 saltem
266 3273 396 3340 orientis
419 3293 548 3338 amnem.
580 3270 738 3339 enimvero
753 3269 894 3339 Catullus
915 3292 954 3336 ue
975 3271 1023 3336 hic
1039 3273 1158 3356 quidem
1173 3277 1223 3340 sui

139 3378 294 3446 dissimilis
313 3376 383 3452 fuit,
408 3374 461 3438 sed
477 3373 618 3457 quoniam
634 3369 795 3459 Smyrnam
810 3371 913 3438 Helvii
928 3369 1046 3439 Cinnae
1068 3375 1221 3453 laudabat,

138 3481 275 3566 apposite
296 3478 335 3542 ad
357 3477 434 3538 hanc
456 3473 656 3539 laudationem
675 3471 858 3538 Satracbum
879 3475 1056 3542 nominavit.
1094 3497 1163 3540 nam
1185 3481 1224 3542 ad

138 3581 282 3669 Cypriam
306 3577 469 3658 Smyrnam
487 3574 553 3641 sive
572 3572 732 3657 Myrrham
753 3571 871 3640 Cinnae
888 3593 1011 3638 carmen
1034 3576 1222 3659 pertinuisse

139 3703 198 3748 uno
226 3677 473 3744 satisdocemur
496 3671 650 3740 versiculo
672 3687 760 3754 quem
780 3669 961 3739 Priscianus
986 3677 1089 3744 attulit
1107 3678 1220 3745 librofl

138 3806 167 3868 p.
184 3789 246 3848 718
261 3777 299 3844 Ρ.
330 3772 381 3844 At
400 3774 501 3840 scelus
522 3774 639 3838 incesto
661 3771 817 3860 sapam
838 3775 999 3840 crescebat
1018 3779 1052 3842 ic
1075 3781 1164 3845 alvo.-
1188 3783 1222 3846 in

138 3905 195 3966 qno
210 3879 365 3948 versiculo
375 3875 630 3942 rectissimeente
641 3875 720 3940 alios
734 3872 929 3940 Burmannus
942 3879 978 3940 ad
997 3874 1057 3942 0v.
1074 3891 1146 3944 met.
1167 3889 1221 3960 10,

138 3989 200 4050 298
216 3982 370 4067 Smyrnae
391 3977 526 4062 scripsit,
549 3997 617 4041 cum
635 3977 757 4046 codices
771 3976 953 4061 praeberent
971 3983 1149 4046 antemnae
1167 3995 1228 4048 aut·

138 4086 275 4156 arenae,
297 4082 376 4164 apud
388 4079 569 4146 Putsobinm
579 4091 681 4144 autem
695 4080 851 4163 legeretur
865 4077 1014 4166 Cinyrae,
1032 4084 1111 4164 pund
1122 4105 1221 4167 nuper

137 4187 214 4252 mule
227 4183 384 4248 defensum
397 4193 457 4246 est.
485 4182 588 4264 itaque
601 4204 670 4252 oum
685 4178 792 4266 Cyprii
810 4181 895 4247 fluvii
912 4183 1097 4247 mentionem
1114 4181 1222 4252 Catul-

137 4289 184 4352 lus
201 4283 285 4363 facit,
311 4279 472 4368 Smyrnam
485 4283 665 4358 missumiri
677 4293 846 4368 auguratur
865 4282 898 4346 in
909 4303 962 4348 eae
976 4283 1061 4366 ipsas
1074 4285 1221 4370 regiones

137 4409 210 4474 qum
225 4385 327 4456 Cinna
346 4383 479 4453 carmine
497 4386 550 4452 illo
569 4386 789 4467 auctaretat-
821 4396 958 4460 coteann
972 4381 1112 4456 Satrachi
1135 4390 1222 4456 fluvii

132 4505 134 4510 '
988 4495 1001 4551 l
