2966 5088
695 411 735 478 dl

174 584 341 672 pucsoedpp
359 585 392 648 iv
411 586 504 664 πᾷσιν
525 581 702 670 lmdcdrm
723 583 778 646 καὶ
796 581 995 669 τῇύποθέσει
1016 581 1068 648 καὶ
1081 582 1155 664 pet
1167 587 1262 650 rubro

175 685 267 750 ἐνίοτε
289 688 343 749 eoi
357 686 463 773 ὑψηλῇ
482 687 535 748 καὶ
556 683 756 772 ἔρυθροχρόῳ
777 719 821 736 ·-·
843 683 961 770 ἐχρῆτο,
990 681 1025 750 τό
1044 707 1077 748 rr
1096 683 1215 774 ὅλοντῇ
1226 709 1263 769 ro

171 785 339 875 ’quodlcp
358 789 418 862 πᾶς
429 785 564 852 ἀνέκειτο
586 789 639 849 uel
656 787 776 848 netum
787 784 904 858 πάντας
913 783 1025 863 ἤθελεν
1039 783 1085 850 ὅτι
1097 789 1150 850 set
1164 785 1263 863 ἄνθος

172 886 299 976 sedique
313 888 362 952 ἀπ’
377 888 469 968 αὐτῆς
480 886 554 972 ἔχοι.
586 909 647 953 uou
662 907 737 972 opus
755 887 1120 971 estutpluraexcribam
1134 889 1263 956 autolio
1306 923 1313 934 ·

173 1005 354 1074 congeram
385 992 485 1056 omuic
512 991 592 1055 cuim
613 987 845 1074 diligentissime
864 991 1092 1074 comprehendit
1109 990 1262 1058 umm-

174 1094 232 1156 uus
252 1093 326 1157 bist.
342 1091 433 1156 Rom.
452 1100 483 1172 3,
497 1099 596 1158 roos.
615 1099 731 1159 cluss.
752 1092 861 1156 deiude
875 1091 1059 1156 eruditulum
1076 1113 1139 1158 uou
1156 1094 1261 1179 inepte

175 1189 319 1258 Caudlus
335 1195 411 1258 dicit
430 1191 608 1272 Caesarem,
633 1215 721 1278 quem
739 1194 828 1278 plura
849 1193 1013 1278 scripsisse
1029 1195 1260 1280 praeterbello·

174 1313 243 1358 rum
258 1315 383 1360 suorum
403 1297 548 1362 historias
570 1308 604 1361 et
617 1318 679 1361 uou
699 1297 784 1362 nulla
803 1296 879 1362 adeo
894 1319 972 1382 quae
986 1298 1025 1362 ad
1037 1298 1261 1382 grammaticam

174 1397 377 1463 eruditiorem
398 1399 592 1484 pertinebant
608 1397 748 1464 omuibus
770 1409 875 1464 uotum
896 1410 960 1465 ests
983 1397 1171 1467 Mmurrum
1186 1421 1261 1485 quo·

173 1519 233 1582 que
247 1520 308 1566 uon
323 1503 429 1566 rudem
443 1501 541 1568 fuisse
556 1521 612 1566 uec
623 1501 813 1566 illitteratum
828 1521 871 1566 ex
886 1502 942 1566 boo
957 1501 1257 1568 carmiuedisoimus.

173 1600 318 1666 lectulum
332 1603 428 1688 igitur
447 1615 521 1690 puto
542 1623 612 1668 eum
627 1603 793 1687 significari
814 1603 846 1667 iu
867 1605 927 1687 quo
941 1605 1083 1689 legebant
1097 1615 1129 1669 et
1144 1605 1260 1671 scribe·

172 1701 248 1768 baut
265 1715 402 1787 veteres,
427 1708 581 1792 utiturque
604 1705 782 1770 deminutiri
795 1705 935 1771 vocabuli
957 1705 1014 1771 bac
1035 1706 1260 1791 significatione

173 1800 303 1871 Ovidius
324 1809 408 1874 trist.
427 1819 457 1891 1,
478 1819 530 1887 11,
551 1817 604 1876 38.
643 1807 774 1891 denique
794 1829 855 1874 uno
877 1809 1039 1873 oblectatio
1060 1809 1172 1874 sicum
1186 1809 1259 1876 ieli-

173 1907 251 1990 quis'
266 1909 407 1976 eiusdem
433 1931 545 1978 versus
570 1909 728 1974 vocabulis
758 1919 825 1973 arte
850 1908 1080 1994 coniungimur,
1112 1911 1260 1976 minuitur

173 2010 277 2094 inepto
299 2011 520 2076 sententiarum
542 2010 775 2074 dissimilitudo:
800 2031 869 2074 uam
892 2010 937 2073 sic
958 2012 996 2074 ad
1017 2011 1259 2096 obiurgatiouem

175 2111 574 2196 cruditionis,·quae·inter
593 2133 702 2177 causas
723 2131 780 2175 our
799 2110 996 2175 familiaribus
1017 2112 1089 2176 istis
1104 2125 1166 2178 tem
1180 2115 1260 2180 boue

173 2214 353 2279 conveniret
373 2224 458 2278 recte
473 2226 667 2294 sumentur,
697 2215 751 2278 illa
769 2214 861 2278 unius
882 2211 987 2277 lectuli
1001 2216 1257 2296 commemoratio,

172 2335 231 2397 qua
252 2316 348 2401 siquis
366 2317 584 2402 turpitudinem
605 2317 695 2382 simul
717 2316 897 2403 exprobrari
918 2325 1017 2401 putat,
1040 2317 1177 2400 equidem
1196 2339 1259 2384 uou

171 2433 321 2503 repugno,
344 2419 465 2484 additur
485 2430 602 2485 tautum
624 2433 715 2505 atque
730 2421 860 2499 accedit,
883 2439 945 2484 nou
960 2439 1048 2484 suum
1067 2419 1126 2484 sibi
1139 2422 1258 2505 pondus

172 2521 312 2603 requirit.
341 2523 480 2605 sequitur
501 2525 604 2607 pruris
618 2522 837 2589 adulteriorum
847 2521 1021 2589 criminatio
1040 2534 1076 2586 et
1088 2523 1260 2607 praecessit

172 2632 263 2686 autea
275 2626 394 2709 turpior
411 2624 569 2690 muliebris
583 2625 760 2708 patientiae.
790 2624 860 2707 quis
874 2624 970 2708 igitur
984 2623 1087 2687 credat
1109 2633 1203 2688 totam
1215 2624 1259 2688 si·

173 2723 351 2788 militudiuis
366 2727 599 2808 descriptionem
618 2747 679 2788 uou
695 2725 881 2808 gravissima]
892 2725 1089 2790 succutiens
1104 2725 1257 2804 concludi,

175 2824 230 2886 sed
245 2825 321 2888 sctis
335 2826 397 2890 leni
410 2825 602 2890 cavillatione
618 2826 696 2908 quod
712 2824 788 2888 socii
807 2835 915 2888 esseut
928 2825 1117 2908 puellarum?
1137 2838 1171 2891 et
1182 2825 1260 2892 illud

173 2926 252 3009 quod
268 2928 422 2992 antecedit
440 2929 558 2993 rrbolcs
580 2926 670 3004 etism
683 2925 780 3008 magis
794 2934 921 2988 enervat
935 2925 1115 2989 orationem.
1137 2926 1169 2990 id
1184 2949 1258 3010 qoo-

173 3027 240 3093 dam
254 3031 343 3094 modo
359 3030 459 3094 sensit
471 3027 621 3113 Iosephus
637 3025 788 3115 Scaliger,
812 3046 881 3089 cum
896 3025 1047 3090 scriberet
1067 3025 1196 3092 usare
1207 3051 1258 3094 sc·

172 3134 236 3196 olei
247 3133 473 3218 puellulamm,
498 3143 529 3196 et
542 3139 717 3202 removerat
737 3127 982 3193 coniunctionem
996 3126 1255 3196 unteaMuretus.

172 3253 279 3298 verum
294 3231 453 3320 Scaligero
472 3233 521 3298 bio
542 3231 652 3298 accidit
671 3231 750 3314 quod
773 3250 834 3294 uou
849 3251 1001 3314 nunquam
1015 3229 1258 3299 animadvertere

172 3336 245 3402 licet
258 3337 292 3400 in
306 3337 375 3404 viro
390 3336 500 3401 summi
510 3333 627 3420 ingenii
641 3349 835 3416 summaeque
849 3333 1043 3413 cruditionis,
1064 3345 1101 3399 ut
1119 3353 1177 3408 suc
1189 3337 1259 3423 ipre

172 3439 298 3503 invecto
309 3461 371 3503 nou
385 3450 469 3504 recte
484 3447 636 3503 uteretur.
660 3436 778 3500 rioslcr
790 3433 874 3500 socii
882 3435 993 3519 iuquit,
1007 3436 1257 3524 utdt'etdngurn-

171 3549 224 3604 lur
236 3563 256 3604 a
270 3531 578 3606 rivalibus‘cemult's.
600 3539 631 3602 id
646 3539 692 3603 sic
707 3539 858 3603 dicturum
871 3537 970 3602 luissc
978 3534 1133 3602 Catullum
1147 3541 1257 3606 merito

173 3641 312 3706 dubitare
326 3641 400 3705 mibi
411 3641 530 3706 videor.
561 3640 717 3704 enimvero
732 3640 851 3704 sublata
865 3649 899 3703 et
908 3639 1056 3723 particula
1069 3639 1141 3704 telis
1158 3642 1258 3706 oritur

174 3743 345 3829 obiurgatio
367 3743 485 3827 qualem
505 3742 539 3805 iu
558 3743 618 3806 due
639 3741 782 3806 carminis
800 3739 996 3826 requirimus.
1025 3744 1143 3808 rivales
1161 3747 1261 3810 sorici

139 3877 144 3890 ·
165 3847 377 3932 puellulas-um
401 3846 543 3910 dicuutur
563 3844 615 3929 qui
635 3853 667 3907 et
687 3841 765 3906 socii
784 3843 847 3912 siut
860 3855 1072 3928 amatoresque
1087 3847 1256 3930 puellarum

172 3958 205 4012 et
217 3947 331 4012 rivales
353 3950 518 4013 earundem
539 3957 680 4032 tauquam
694 3943 817 4032 pubbici.
847 3946 978 4010 deruurr
989 3947 1086 4030 igitur
1099 3948 1258 4014 muliebris

172 4047 336 4134 patientiae
359 4051 529 4134 criminatio
550 4051 583 4114 iu
602 4059 668 4133 qua'
681 4058 778 4112 totum
800 4067 924 4113 carmen
942 4058 1096 4112 versatur.
1128 4047 1160 4110 is
1180 4048 1257 4114 bruc

173 4147 406 4234 explicationem
421 4174 492 4218 uum
504 4149 822 4218 Fortuuse'bcuelicio
836 4150 902 4234 ipse
914 4148 1057 4214 inciderit
1067 4146 1257 4232 Deeriugius

172 4273 210 4317 an
226 4253 263 4317 ub
281 4253 341 4318 alio
356 4254 521 4340 sumpserit
541 4256 625 4342 (uam
644 4252 678 4317 iu
698 4253 804 4318 codem
825 4251 883 4315 boc
902 4271 998 4314 versu
1011 4259 1117 4333 turpes
1132 4269 1257 4316 errores

174 4357 263 4420 siaul
285 4356 398 4441 effutit)
420 4377 481 4421 non
504 4355 585 4441 potui
606 4355 789 4439 requireret
814 4353 939 4416 redosc
960 4361 1061 4416 umen
1082 4351 1255 4433 verissime,

173 4479 270 4542 neque
286 4458 463 4525 mutationis
478 4457 718 4544 probabilitatem
732 4454 887 4539 quisquam
904 4451 1096 4518 desiderabit.
1115 4457 1257 4540 quotiens
