2966 5088
107 567 196 634 tulli
211 568 415 634 carminum
431 565 661 652 exemplaribus
680 566 883 636 inveniuntur
899 568 1032 656 parim,
1055 590 1132 656 qaus
1153 572 1258 657 ιιιμι-

76 673 82 694 ’
107 670 169 736 los
188 692 407 738 enumerare
422 670 541 735 omitto.

223 772 451 840 Removimus
471 771 568 856 igitur
584 772 769 838 insolentem
789 772 1028 857 copulativarum
1040 775 1255 858 paru‘cularum

112 874 395 942 collocationem
415 875 453 940 ab
474 873 521 940 eis
543 872 658 940 Catulli
680 874 865 940 carminibus
882 875 915 940 in
935 895 1013 959 quae
1028 877 1109 942 ultro
1124 896 1190 940 eam
1207 875 1255 942 iu·

113 977 226 1040 ferre
254 978 453 1042 studuerunt
475 974 679 1059 grammatici,
703 975 890 1042 coniecturis
910 977 1052 1042 ludentes
1070 997 1168 1061 neque
1191 977 1254 1044 ullo

118 1079 243 1144 moue
273 1078 477 1160 acquirentes
504 1077 575 1160 quil
602 1097 681 1142 usus
705 1088 797 1162 atque
826 1081 1016 1144 cousuetudo
1045 1079 1114 1146 eius
1142 1079 1250 1157 terret,

125 1178 246 1261 quasi
270 1190 442 1262 temporum
461 1189 492 1243 et
511 1190 668 1263 poetarum
689 1180 796 1247 eadem
816 1179 849 1244 in
864 1180 1004 1246 omnibus
1019 1179 1153 1246 omnium
1167 1190 1254 1246 esset

128 1279 262 1344 ratio:
289 1289 387 1346 restat
408 1291 443 1344 ut
458 1280 495 1344 de
521 1302 581 1346 uuo
598 1280 755 1346 versiculo
776 1281 911 1346 dicamus
930 1282 963 1346 in
984 1304 1043 1367 quo
1057 1283 1117 1368 ipsi
1129 1283 1251 1348 culices

131 1380 241 1446 illam
279 1380 505 1448 collocationem
533 1382 692 1468 praebent.
728 1383 809 1467 quud
830 1405 890 1466 qno
914 1385 1030 1452 rectius
1056 1386 1124 1452 leri
1145 1397 1252 1470 posset

135 1483 379 1548 ascribendum
393 1484 468 1548 duxi
481 1495 578 1550 totum
592 1505 716 1550 carmen
731 1491 785 1563 57,
808 1507 867 1567 que
886 1485 947 1552 iste
963 1488 1136 1554 versiculus
1151 1489 1250 1554 conti·

135 1596 269 1652 netur.
299 1586 399 1670 itaque
422 1597 457 1652 ut
476 1607 599 1654 errores
622 1587 768 1670 quonlam
788 1585 825 1650 ab
845 1585 932 1652 ltalis
947 1588 1058 1656 ludum
1075 1590 1248 1658 rectissime

115 1729 121 1736 -
137 1689 341 1754 emendatos
363 1698 490 1767 taceam,
515 1688 561 1760 sic
574 1689 775 1773 perscriptum
790 1700 841 1754 est
853 1688 885 1752 iu
901 1689 988 1756 libris
1010 1695 1055 1778 (p.
1072 1701 1126 1772 28,
1141 1695 1246 1772 tac),

326 1789 442 1856 Putre
464 1794 610 1856 conuenit
628 1789 777 1876 improbis
797 1792 950 1869 medat,
997 1841 1000 1857 .

325 1891 512 1958 Mamurrae
528 1892 720 1978 pathicoque
744 1889 947 1980 Caesarique.

323 1991 396 2060 Nec
415 1997 546 2069 ιιιιιιιιιιι
569 1995 711 2062 maculae
727 2017 826 2080 pares
847 2000 998 2083 utrisque,

331 2096 457 2162 Urbana
479 2097 582 2162 ultera
603 2107 636 2162 et
654 2098 713 2161 illa
733 2096 914 2174 Formiana,

327 2195 502 2282 [repressae
521 2197 665 2264 maiam
682 2221 740 2264 nec
761 2199 922 2264 elnonae:

326 2296 471 2364 Mor-bosi
482 2301 621 2385 par-itm,
642 2301 774 2386 gorreelli
791 2302 928 2387 vm'qne,

326 2399 393 2466 Uno
415 2403 449 2466 in
471 2402 599 2478 kene,
621 2403 776 2468 medicae
795 2403 898 2478 ambo,

321 2503 396 2568 Non
416 2504 469 2568 bic
486 2525 584 2590 quarn
604 2505 660 2568 ille
687 2507 791 2592 magis
811 2526 916 2571 eoram
937 2505 1076 2581 neuter,

321 2604 462 2682 lliealea,
483 2607 565 2674 socii
584 2616 616 2670 et
628 2607 853 2691 paellalmm.

325 2705 438 2770 Pulcra
460 2708 605 2772 convenit
623 2708 772 2794 abeprubie
793 2709 943 2775 anneot.

149 2804 276 2889 Quales
290 2805 406 2872 luerim
415 2808 550 2874 maculae
566 2806 711 2877 Caesaris
727 2801 853 2887 urbana,
872 2806 1034 2874 Formiana
1049 2805 1239 2886 Mamurrae,

149 2908 259 2976 miuus
287 2929 336 2974 me
364 2909 445 2976 seire
466 2911 564 2976 tatem
587 2931 676 2995 quam
700 2913 845 2996 quosdam
864 2911 1062 2995 interpretes,
1078 2919 1121 2974 ,ut
1147 2909 1241 2974 multa

148 3011 332 3096 ignoramus
352 3032 428 3096 quae
448 3023 573 3082 veteres
593 3013 760 3098 scriptores
776 3015 824 3080 sui
844 3011 990 3096 temporis
1004 3007 1175 3075 huminibus
1190 3031 1240 3074 sa·
1369 3036 1373 3046 ,

148 3114 194 3180 tis
209 3115 370 3199 perspicue
383 3099 652 3199 significaverunt:
671 3126 706 3182 et
717 3117 827 3182 sufficit
839 3113 950 3200 probra
964 3111 1135 3196 summatim
1147 3112 1238 3178 iutel-

148 3215 269 3302 legere.
293 3237 400 3282 verum
411 3217 444 3282 in
459 3217 506 3286 eis
521 3239 600 3301 quae
614 3219 753 3302 proxime
769 3229 940 3304 sequuntur
952 3216 1081 3282 laereoz
1094 3213 1239 3280 videntur

83 3383 91 3394 ,
149 3319 234 3384 enim
255 3340 322 3384 uum
338 3319 484 3386 universa
501 3320 593 3388 huius
613 3321 756 3390 carminis
775 3322 894 3390 ratione
914 3318 1038 3386 minime
1052 3337 1236 3403 congruere.

149 3441 222 3486 nam
243 3420 296 3485 illa
313 3421 420 3501 verba,
443 3421 559 3487 Pulcra
571 3427 717 3490 conuenit
735 3425 884 3510 improbis
898 3421 1051 3498 omnent,
1074 3440 1163 3502 quam
1185 3419 1238 3486 ba·

148 3523 246 3588 beant
257 3523 441 3588 sententiam
460 3546 521 3589 uon
543 3510 641 3610 magis
657 3524 820 3592 obscurum
834 3533 885 3588 est
898 3541 988 3604 pram
1002 3521 1082 3603 quel
1096 3520 1237 3584 similiter

149 3623 233 3688 lixit
248 3635 316 3706 apte
332 3637 582 3695 commemoratus
597 3627 635 3690 ab
649 3625 770 3693 Achille
784 3619 1045 3690 Statiellartialis
1058 3625 1091 3697 8,
1101 3624 1143 3684 35
1158 3617 1236 3684 Cum

147 3726 222 3792 siaa
239 3725 357 3790 emate
370 3747 530 3814 paresque
549 3731 627 3804 vita,
650 3725 742 3792 Umor
758 3726 907 3812 possitae,
923 3724 1077 3810 penem
1088 3723 1233 3798 mamma,

146 3828 257 3895 Mem
276 3850 338 3892 uon
362 3829 439 3894 bene
464 3831 629 3896 mercurie
643 3828 743 3894 sobab.
769 3828 872 3912 itaque
885 3826 946 3893 etsi
961 3823 1103 3894 Catullus
1119 3821 1234 3892 Caesa·

146 3950 213 3994 rem
228 3940 260 3993 et
270 3926 459 3996 Mamurrm
474 3931 617 3996 cinaedos
638 3931 794 3996 etiterum
804 3927 992 3996 Mamurram
1007 3927 1156 4013 pellicum
1173 3925 1232 3990 iam

145 4032 179 4110 in
190 4030 339 4116 principio
352 4033 498 4100 carminis
513 4035 729 4119 appellaverat,
753 4044 854 4098 tamen
868 4042 1008 4116 repetere
1020 4031 1077 4094 hoc
1090 4036 1123 4118 et
1136 4024 1233 4090 incul-

144 4155 216 4198 care
231 4133 331 4217 potnit
354 4134 388 4198 in
403 4135 612 4202 similitudinis
636 4157 713 4219 quem
731 4135 890 4218 utriusque
906 4143 992 4198 esset
1006 4125 1230 4210 descriptiones

144 4255 214 4300 nam
234 4233 369 4298 morbosi
390 4257 467 4312 sane
487 4259 524 4310 ea
543 4237 766 4324 significatione
785 4236 847 4302 liei
866 4235 1009 4300 videntur
1030 4249 1119 4314 qnam
1135 4224 1232 4292 Bent-

142 4338 223 4404 leins
239 4336 407 4420 explicavit
419 4341 457 4404 al
472 4339 549 4414 Hor.
566 4361 660 4406 carm.
676 4349 706 4418 l,
723 4345 777 4417 37,
793 4344 830 4404 ιιι
855 4337 908 4402 sed
921 4335 1002 4418 quod
1019 4329 1159 4415 sequitur
1172 4353 1230 4417 ge·

144 4440 232 4530 melli
245 4441 383 4532 empne,
402 4437 468 4508 Uno
485 4443 518 4508 ιιι
536 4441 660 4517 lectulo,
673 4439 827 4506 mediolis·
837 4439 939 4516 ambo,
962 4437 1019 4502 hcc
1033 4454 1231 4521 neuportum
