2966 5088
786 403 831 474 26

270 603 366 666 nme
382 577 485 645 Latini
503 576 730 664 iom'bilaeptsa
749 577 933 662 meaque
948 573 1130 642 Momm.
1157 577 1216 640 etin
1233 597 1283 644 res
1307 593 1368 645 cst

270 684 321 750 nbi
334 693 488 766 unumque
500 681 676 746 adiectivum
683 678 720 743 ad
733 677 938 764 appellativum
950 695 1058 742 namen
1066 677 1363 744 uacmutcdeliuien-

270 787 338 850 dnm
350 784 487 870 pertinet,
511 804 553 848 ex
566 803 624 867 qno
639 799 749 866 genere
764 790 811 845 est
825 776 1061 864 qumttnantn
1077 779 1154 844 dixit
1171 787 1203 858 3,
1222 787 1276 859 27,
1300 783 1362 848 Ac

270 899 336 964 tua,
361 885 501 964 Cosconi,
525 882 761 968 ameraaadapue
772 891 945 968 nactaque
965 881 1061 946 mla
1072 881 1109 948 A
1118 884 1231 967 pucra's
1241 881 1362 948 &ient
1462 911 1463 938 t

268 986 505 1075 virginibusque
525 987 603 1070 lagi.
627 994 713 1067 atque
735 983 854 1046 omnino
870 981 991 1046 minima
1011 982 1134 1066 elegans
1151 993 1233 1047 asset
1247 984 1358 1050 trorum

269 1090 481 1154 adiectivorum
503 1085 690 1163 coniunctio,
714 1105 837 1167 quornm
859 1083 940 1168 prius
961 1083 999 1148 ad
1024 1103 1139 1148 mamm
1166 1085 1356 1152 feracitatem

268 1202 393 1277 spectat,
418 1189 542 1254 alterum
554 1188 687 1272 regionis
710 1186 952 1270 longinquitatem
971 1185 1122 1250 describit.
1144 1205 1214 1248 nam
1232 1186 1264 1250 iu
1283 1197 1356 1272 apte

269 1292 439 1378 copulandis
454 1291 606 1356 adiectivis
621 1300 739 1356 veteres
751 1299 856 1372 poetae
869 1283 971 1352 Latini
982 1286 1074 1350 multo
1085 1298 1173 1351 eram
1186 1287 1355 1373 diligentio-

267 1415 317 1458 res
331 1415 419 1478 marn
431 1392 548 1476 qnidam
560 1391 681 1455 credere
692 1390 832 1454 videntur
842 1390 1033 1473 interpretes.
1054 1388 1140 1452 verbi
1154 1411 1246 1455 causa
1256 1391 1289 1454 iu
1305 1392 1354 1456 eis

268 1515 344 1579 qnae
359 1494 436 1577 apud
450 1491 618 1569 Horatium,
643 1513 736 1555 carm.
753 1499 785 1569 3,
800 1499 831 1569 3,
850 1499 890 1558 18
903 1511 961 1569 ss,
984 1487 1059 1554 luno
1073 1490 1230 1574 eloquitur,
1253 1493 1352 1571 ilion,

268 1593 350 1660 ilica
362 1593 486 1659 Fatalis
500 1597 697 1680 incestaeque
711 1593 810 1657 iudea
821 1592 867 1657 Et
882 1593 996 1660 musar
1007 1596 1183 1679 paragnioa
1203 1599 1299 1660 ocem
1310 1596 1355 1662 Ia

265 1697 435 1785 meran,
459 1707 540 1759 certe
555 1694 681 1760 dubitari
692 1704 790 1778 potest
803 1693 987 1758 rettulerim
1000 1703 1089 1779 poeta
1107 1694 1205 1758 letalis
1220 1696 1354 1761 vocalru·

267 1800 327 1863 lum
343 1798 379 1861 ad
394 1819 484 1862 unum
490 1795 628 1862 Paridem
639 1796 682 1860 ita
696 1805 730 1859 ut
741 1815 809 1859 eum
822 1795 934 1879 patiter
944 1796 1055 1862 diceret
1063 1796 1182 1862 fatalem
1191 1797 1354 1862 incastum-

268 1922 337 1984 que,
362 1921 412 1979 an,
430 1899 568 1984 quamam
578 1898 702 1963 alteram
717 1895 892 1960 adiectivam
907 1919 974 1962 oum
987 1898 1080 1962 altero
1095 1918 1156 1962 non
1168 1899 1351 1965 ninisaeen·

267 2014 332 2070 rate
347 2001 494 2087 congrait,
511 2001 609 2065 letalis
620 1999 776 2085 appellatio
791 1997 1090 2077 camoenalem,
1108 2020 1183 2084 quae
1196 2000 1352 2067 ad'lluiae

268 2105 416 2172 excidium
429 2103 599 2168 nontuinus
607 2123 694 2185 quam
709 2100 824 2165 adulter
835 2121 853 2164 a
865 2102 926 2165 lato
941 2101 1088 2165 destinata
1098 2113 1175 2180 erat,
1184 2104 1350 2187 pertineat:

267 2231 328 2273 non
343 2207 441 2272 obstat
454 2205 559 2270 saltem
573 2203 731 2288 singularis
744 2202 882 2268 vocabuli
899 2194 1057 2281 numeius,
1082 2225 1149 2270 cum
1170 2205 1274 2270 eodem
1294 2227 1349 2270 nu-

266 2331 349 2375 mero
363 2309 438 2392 quod
453 2307 585 2389 sequitur
598 2307 695 2369 vertit
706 2305 815 2367 dictum
828 2303 878 2368 sit.

350 2407 467 2472 'l'amen
480 2407 569 2470 tertio
581 2426 696 2489 qnoque
712 2405 789 2488 quod
801 2403 869 2469 Itali
881 2406 1128 2490 excogitaverunt
1138 2410 1349 2494 complemento

267 2510 340 2576 nihil
353 2519 471 2597 praeter
484 2510 595 2573 hiatum
609 2507 793 2572 emendatur.
816 2508 935 2571 ficerunt
954 2508 1032 2574 enim
1052 2509 1101 2592 qui
1115 2509 1159 2574 sic
1172 2511 1345 2590 scriberent,

270 2611 425 2681 Gallicum
446 2611 586 2676 diluentem
605 2609 832 2695 iamibilesqoc
855 2612 889 2674 ia
907 2611 1092 2696 almamque
1109 2612 1290 2678 Britannos.
1318 2613 1347 2676 id

268 2713 374 2799 duplici
388 2711 475 2776 modo
491 2711 633 2796 explicari
647 2720 755 2797 potest.
771 2720 822 2796 ant
831 2711 910 2774 enim
921 2721 1000 2775 totus
1014 2711 1062 2775 hic
1075 2714 1240 2779 versiculus
1253 2736 1270 2779 e
1282 2735 1346 2798 goa·

127 2863 129 2870 .
267 2815 365 2881 diendi
378 2814 471 2880 verbo
483 2835 644 2899 suspensus
658 2821 705 2876 est
716 2822 767 2876 aut
780 2812 983 2897 interpositum
995 2833 1064 2880 esse
1075 2817 1259 2880 censebimus
1267 2813 1346 2880 Rhe-

267 2940 336 2984 num
350 2917 393 2981 ita
406 2927 440 2981 nt
453 2917 517 2981 eins
532 2914 772 2980 commemoratio
787 2915 992 2998 coniungendo
1007 2917 1046 2979 sit
1066 2937 1131 2980 oum
1150 2918 1345 2983 antecedenti-

266 3023 320 3086 bus
334 3019 435 3085 verhis
452 3018 599 3084 Caccara‘a
610 3019 713 3081 visens
728 3027 922 3081 monumenta
932 3021 1053 3104 magni,
1068 3022 1234 3104 separanda
1248 3043 1266 3084 a
1280 3019 1345 3084 Bri-

265 3136 423 3188 tannorum
439 3119 647 3202 descriptione.
669 3118 751 3202 prius
766 3117 792 3181 si
809 3119 937 3200 probas3
961 3120 1098 3202 quoniam
1118 3125 1151 3186 ia
1168 3122 1345 3206 praepositio

267 3247 304 3290 ea
318 3222 434 3288 dicendi
445 3221 540 3303 figura
556 3239 643 3302 quam
663 3216 723 3283 iaci
738 3221 842 3281 κοινοῦ
860 3219 1038 3303 appellamos
1059 3223 1097 3286 ad
1115 3225 1222 3288 flumen
1241 3223 1344 3287 referri

267 3325 385 3408 nequit,
411 3320 639 3384 existimandum
663 3319 720 3384 erit
740 3317 841 3382 Rheni
867 3341 975 3385 nomen
995 3345 1061 3388 cum
1082 3326 1236 3409 gradiendi
1254 3325 1343 3390 veclo

267 3425 347 3492 nulla
360 3419 458 3488 addita
470 3419 687 3506 praepositione
702 3419 889 3484 coniunctum
900 3443 968 3490 essa
982 3427 1144 3493 curatione
1157 3449 1215 3512 qua
1226 3447 1343 3493 acccusa—
1458 3423 1459 3440 ¹

266 3529 358 3594 tivum
375 3545 477 3592 casum
492 3523 580 3588 eundi
593 3521 687 3587 verba
697 3532 818 3607 propter
831 3523 1075 3607 significationem
1089 3529 1153 3594 eius
1161 3541 1248 3611 atque
1262 3539 1342 3592 naar-

266 3653 331 3696 ram
347 3628 426 3694 haud
437 3647 507 3691 raro
520 3625 680 3690 asciscunt.
703 3643 807 3689 varum
819 3625 863 3690 sio
876 3630 1077 3696 conformatae
1094 3629 1236 3694 orationis
1251 3629 1342 3712 aliqua

267 3740 348 3795 esset
358 3727 528 3792 insolentia.
552 3747 621 3790 nam
637 3729 674 3791 ad
687 3728 838 3792 fluminum
852 3732 983 3811 nomina,
1009 3743 1040 3795 ut
1060 3753 1114 3814 pac
1133 3751 1201 3798 esse
1218 3731 1340 3808 videtur,

268 3828 383 3895 additur
398 3829 441 3894 ad
452 3815 642 3912 praepositio.
666 3830 743 3909 qaod
758 3831 850 3893 semel
862 3842 975 3895 mutum
990 3830 1303 3913 neglectummemini,
1325 3855 1341 3896 a

265 3927 394 4015 Virgilio
421 3951 487 3992 cum
507 3928 584 3991 dixit
604 3927 660 3992 col.
688 3935 718 4005 t,
743 3935 785 3993 66
807 3949 834 3991 s.
864 3931 946 3994 Pars
968 3928 1126 4013 sepeliam
1147 3939 1180 3993 ot
1204 3934 1341 4018 rapa'datn
1456 4011 1457 4016 γ

268 4033 382 4102 Cretae
393 4031 548 4094 amaiemua
560 4029 670 4094 Oaaen
681 4027 728 4093 Et
736 4030 865 4114 posiae
878 4039 942 4095 tcto
955 4030 1069 4094 danos
1082 4031 1157 4098 orbe
1164 4031 1338 4102 Britannos.

266 4138 319 4205 sed
333 4132 437 4200 achon
451 4127 571 4193 missum
587 4129 705 4207 faciam,
729 4139 883 4213 postquam
903 4132 981 4196 dixit
997 4129 1131 4200 Catullus
1145 4135 1291 4204 Caesaris
1302 4141 1340 4200 oa·-

266 4261 337 4305 scas
352 4239 548 4301 monumenta
561 4234 682 4318 magni,
705 4231 918 4318 appositionem
933 4235 1071 4322 aliquam,
1095 4251 1182 4323 wem
1201 4253 1338 4324 gamma·

266 4341 317 4404 tici
332 4337 489 4423 appellant,
504 4332 649 4399 adiectum
663 4333 701 4397 iri
715 4335 848 4420 quisque,
866 4339 982 4424 opinor,
1005 4363 1059 4406 sna
1072 4353 1176 4426 sponte
1196 4343 1336 4422 expuam.

265 4442 364 4522 itaque
378 4440 539 4523 hocipsura
554 4439 681 4504 sonasse
695 4438 789 4506 voluit
802 4440 851 4527 qai
869 4442 929 4511 isto
950 4445 1037 4512 modo
1054 4463 1174 4510 vmsum
1196 4437 1336 4523 explevit:
