2966 5088
727 406 750 472 8

195 595 293 664 aeque
307 597 417 645 sersus
435 587 484 644 cat
500 597 599 664 cepoe
612 597 691 644 orec
712 578 751 642 ad
769 576 899 642 condam
912 573 1040 640 uuum
1054 575 1221 662 uranu.
1244 576 1279 642 iu

196 700 256 762 quo
269 679 414 758 carmine,
438 689 473 745 ut
491 679 548 744 boc
564 679 678 746 cursim
698 678 816 758 addon,
839 697 901 742 nou
920 687 992 761 putu
1006 687 1094 742 recte
1107 677 1280 744 cometissa

197 777 426 846 Lachmaunum
445 780 479 846 in
495 781 650 847 mendosis
666 780 948 860 murmannus
960 780 1279 861 cuccumellum,

199 879 331 946 Mollem
350 882 478 948 dicitius
497 886 547 948 ati
564 882 797 959 dedisses-Isti,
821 889 920 965 nepo
939 881 1023 946 enim
1044 882 1120 948 sotis
1141 883 1231 966 plena
1248 893 1282 948 et

199 982 324 1066 elegans
345 985 379 1048 fit
396 984 494 1048 oratio
512 985 593 1050 nudo
615 983 669 1050 illo
686 997 719 1050 et
736 984 841 1050 ieiuno
858 984 1030 1050 divitiam
1042 983 1204 1062 voemulo,
1227 985 1282 1050 sed

198 1083 278 1168 fugit
289 1082 518 1159 Lachmounum
531 1087 694 1154 vormaima
707 1083 808 1152 Ismci
818 1085 927 1152 Vossii
940 1086 1125 1166 emndaaio,
1148 1085 1291 1152 Mollem·

200 1186 327 1252 &uiuae
350 1185 462 1255 Midas
485 1188 625 1254 nmen
641 1189 720 1266 Isti,
742 1189 823 1274 qued
845 1189 999 1274 prouerbii
1017 1189 1165 1254 looodici
1187 1190 1278 1256 solet.

200 1289 255 1366 sed
277 1289 406 1372 puellam
425 1290 507 1356 illam
527 1301 656 1356 amatam
674 1302 794 1356 tantum
811 1303 925 1375 quuta
947 1291 1097 1356 amabitur
1115 1293 1201 1357 nulla
1219 1313 1283 1358 nou

201 1391 353 1456 diversam
373 1412 446 1456 esse
466 1414 484 1457 a
504 1389 632 1474 Lesbia,
655 1393 801 1460 Lesbim
819 1405 920 1458 autem
943 1390 1080 1459 Clodiam
1098 1393 1189 1460 iatam
1209 1413 1282 1461 asse
1372 1429 1379 1436 ·

201 1492 456 1574 quadrantariam,
480 1494 655 1578 rectiusque
672 1517 760 1579 quam
773 1515 871 1579 nuper
884 1496 1184 1562 lactummemiuide
1198 1507 1288 1562 aare

202 1593 326 1661 saeculo
339 1604 430 1658 sexto
451 1595 566 1660 decimo
581 1598 740 1682 primarios
759 1597 905 1681 quosdam
917 1598 1001 1662 viros
1014 1597 1181 1677 iudicasse,
1194 1598 1284 1683 liqui-

202 1697 240 1760 do
255 1697 434 1763 confirmare
447 1717 539 1780 posse
553 1700 625 1764 mibi
638 1701 756 1781 uideor,
776 1711 812 1764 ut
824 1712 968 1784 appareat
980 1699 1186 1766 inminentem
1200 1701 1285 1786 paol-

201 1800 249 1864 lae
266 1796 367 1864 victum
393 1800 550 1882 penuriam
567 1822 588 1866 a
609 1799 732 1867 Catulo
749 1803 977 1867 commemorari
996 1802 1134 1886 potiusne
1149 1804 1282 1868 nnllam:

201 1917 309 1964 verum
328 1899 367 1964 ab
387 1901 442 1965 bac
457 1903 716 1970 demonstratione
736 1926 817 1970 nunc
837 1905 957 1988 quidem
979 1904 1191 1970 abstinendum
1213 1923 1285 1970 esse

204 2001 316 2066 sentio.
355 2003 417 2068 etsi
450 2004 531 2070 euim
564 2027 741 2090 spumarum
767 2027 870 2072 rerum
884 2007 1165 2091 ⁴investigationem
1193 2027 1287 2093 saepe

203 2113 265 2168 mm
280 2125 344 2170 nou
367 2125 536 2189 possumus
553 2109 697 2192 defugere
713 2109 900 2193 fflamnadci
913 2129 1003 2192 amm
1015 2110 1097 2174 ultro
1119 2128 1185 2176 eam
1196 2131 1286 2194 appe-

203 2214 270 2270 tere
284 2216 372 2292 turpe
385 2217 446 2286 est,
470 2219 571 2274 nmen
590 2231 609 2274 a
624 2211 745 2294 publico
759 2212 921 2294 colloquio,
944 2212 1085 2276 ouisbaeo
1100 2213 1213 2291 scribo,
1235 2231 1285 2276 ar·

204 2308 414 2374 condomense
430 2311 573 2374 enisum
588 2313 797 2395 quaestionem
810 2333 891 2396 quae
912 2313 979 2376 siue
992 2325 1134 2380 accurato
1147 2313 1288 2380 obsceni·

205 2407 277 2472 tatis
298 2411 534 2492 pertractatione
555 2414 659 2496 perlici
680 2416 769 2498 plane
789 2415 905 2498 nequit.
937 2435 1036 2498 neque
1050 2437 1125 2480 vero
1147 2425 1290 2500 opuscat

206 2520 242 2573 ut
254 2509 369 2576 diutius
390 2510 422 2576 in
444 2511 491 2576 his
513 2513 606 2578 rebus
622 2536 802 2595 commorer,
826 2538 893 2581 cum
911 2537 968 2602 per
983 2538 1018 2582 se
1032 2517 1226 2582 manilestum
1248 2517 1290 2582 sit

121 2693 132 2711 ο
205 2611 307 2678 uetus
329 2615 613 2696 commemoratione
632 2618 801 2682 dulcissimi
823 2618 972 2682 carminis
999 2629 1193 2684 venustatem
1220 2639 1290 2702 per·

206 2713 287 2782 verti
300 2715 530 2782 incredibiliter.
557 2719 611 2783 sed
622 2741 659 2784 eo
671 2731 772 2786 tamen
784 2720 902 2785 laudem
916 2732 1052 2789 meretur
1073 2717 1194 2786 Smdus·
1211 2722 1290 2802 qaod

207 2816 325 2882 recum
345 2839 433 2902 qoam
452 2820 588 2904 plerique
607 2843 669 2886 uon
691 2823 808 2909 putavit
827 2829 908 2910 qam
927 2822 986 2886 att
998 2833 1104 2887 mouet
1125 2825 1191 2888 oa'to
1211 2821 1292 2886 idem

207 2937 280 2984 ease
298 2939 391 3004 posce
413 2932 503 3006 atquc
519 2945 598 3010 qoae
619 2935 650 2988 te
660 2927 855 2991 metuito.
878 2945 966 3008 qaam
980 2924 1166 3007 opinionem,
1189 2935 1293 3007 utpar

208 3030 286 3099 erat,
308 3021 482 3110 improbans
496 3023 594 3090 Lanr.
613 3022 780 3092 Suntenius
795 3028 991 3090 annotatione
1005 3027 1043 3088 ad
1057 3023 1146 3088 Hier.
1161 3024 1292 3088 Balbum

208 3123 295 3208 (alig.
317 3125 378 3190 litt.
398 3133 568 3195 anz.1801
594 3130 740 3212 p.18a6)
767 3138 853 3192 recte
871 3124 1066 3208 significauit,
1090 3122 1187 3186 sicubi
1203 3123 1294 3189 iuue-

209 3225 270 3290 uiri
282 3226 442 3292 videretur
460 3227 538 3310 apud
560 3227 727 3310 scriptores
741 3226 873 3291 Latinos
894 3224 1035 3288 manendi
1049 3223 1176 3289 rubum
1190 3247 1229 3292 ea
1241 3247 1292 3292 ra·

209 3328 293 3392 tione
309 3347 369 3409 qua
385 3327 593 3392 accusativum
616 3350 721 3393 casum
731 3329 886 3393 asciscere
906 3326 997 3390 debet
1015 3325 1209 3396 coniunctum
1225 3348 1293 3394 cnm

210 3427 324 3506 datium
348 3439 402 3493 aut
425 3429 543 3493 infirma
571 3430 628 3494 niti
646 3431 783 3495 codicum
806 3428 989 3496 auctoritate
1008 3429 1064 3494 a'ut
1082 3432 1294 3516 explicandum

211 3551 283 3596 esse
301 3531 485 3616 perdurandi
504 3532 670 3598 vocabuloa
701 3541 822 3616 poterat
844 3532 1021 3597 remanendi
1042 3532 1295 3618 significationem

204 3635 336 3700 addere.
372 3635 473 3719 itaque
489 3631 631 3698 Catullus
646 3656 714 3698 cum
729 3634 906 3702 aureum.
922 3643 977 3715 76,
994 3643 1013 3702 5
1029 3657 1056 3701 s.
1080 3638 1125 3720 (p.
1144 3643 1197 3713 70,
1213 3635 1295 3722 tls.)

213 3733 321 3800 Multo
336 3747 456 3820 perora
477 3746 605 3800 moneat
622 3739 655 3800 aio
673 3737 771 3824 longo
792 3747 908 3815 oemio,
936 3737 1072 3814 Concide,
1094 3736 1152 3800 Em
1172 3737 1231 3800 boc
1248 3738 1297 3800 air·

211 3847 311 3923 grato
332 3838 456 3923 gaudeo
476 3857 582 3902 oreore
606 3839 676 3916 tibi,
699 3861 761 3904 uon
783 3841 945 3926 significat,
968 3840 996 3904 si
1011 3835 1298 3902 accurateauimum

216 3939 415 4018 advertimus,
437 3941 542 4004 futura
555 3941 666 4025 gaudia
678 3964 758 4026 quae
771 3963 843 4008 sese
857 3942 947 4025 qnasi
962 3946 1140 4024 expectent,
1166 3935 1222 4030 sed
1241 3937 1298 4002 boc

215 4042 294 4122 volt,
317 4053 440 4126 praesto
460 4063 497 4107 ea
519 4063 590 4109 esse
610 4055 642 4108 et
659 4046 826 4129 perdmare
845 4064 902 4128 per
916 4063 1034 4107 omnem
1049 4040 1163 4108 vitans
1186 4039 1300 4124 cogitat

214 4144 310 4228 igitur
328 4153 470 4230 uuquam
491 4165 568 4230 quae
595 4149 655 4212 iam
674 4147 843 4234 possideat.
880 4144 1022 4210 similiter
1038 4140 1212 4228 Virgilianae
1237 4142 1301 4206 ista

216 4237 397 4332 eripiamus
420 4259 494 4312 snut
510 4247 594 4312 Aen.
617 4258 649 4329 5,
663 4257 763 4318 titas.
786 4259 903 4325 cntra,
923 4248 1037 4332 inquit,
1057 4267 1187 4312 munero
1211 4243 1317 4309 ondit·

220 4348 316 4414 Ger-ta
332 4362 469 4428 mount,
496 4353 604 4437 pueri,
633 4362 666 4416 rt
679 4354 816 4440 pabeam
837 4361 939 4418 mouet
953 4350 1065 4415 ¹caudice
1087 4369 1188 4424 nemo,
1217 4354 1250 4410 et
1266 4349 1299 4422 9,

218 4458 277 4522 301
297 4473 324 4517 a.
360 4453 446 4536 Quane
459 4453 529 4540 pita
539 4454 693 4541 polliceor
714 4453 996 4541 redeunteque
1021 4451 1179 4524 omundt'ts
1214 4445 1303 4514 ΗΜ
