2966 5088
782 378 826 446 48

347 547 411 616 lam
424 567 498 614 vero
513 547 592 613 ‹lioat
606 547 710 634 aliquus
725 569 798 615 orsu
811 549 877 616 lieri
890 560 923 614 ut
940 549 1012 616 nulli
1026 549 1177 636 supersint
1198 551 1341 637 antiquio-

258 672 323 718 rum
333 650 476 716 Lucretio
489 661 642 736 poetarum
652 671 759 718 versus
770 653 802 716 in
821 653 926 735 quihus
946 652 1006 716 istu
1024 653 1186 738 partieulae
1207 654 1341 718 traieetio

258 753 445 833 inveniatur,
468 752 546 838 apusl
564 750 736 818 Lucretium
762 773 824 818 nou
848 753 974 840 reperiri
999 777 1096 820 novae
1122 756 1341 822 consuetudinis

255 855 353 933 initia,
378 855 431 919 sesi
443 853 628 935 vetustioris,
650 867 684 920 ut
696 855 728 920 in
741 855 806 920 aliis
821 855 923 936 rebus,
937 856 1089 940 reliquias.
1112 858 1142 922 iul
1157 877 1259 942 parum
1273 879 1340 943 pro·

256 956 395 1022 labiliter
406 956 464 1020 diei
477 977 598 1041 possum
607 959 753 1041 equidem,
776 958 834 1022 nisi
848 959 1040 1024 vehementer
1054 959 1151 1039 fallor,
1172 959 1338 1025 ostendere.

256 1059 322 1148 plus
332 1079 422 1148 quam
437 1070 696 1144 septemversnum
708 1059 790 1124 milia
800 1058 934 1124 Lucretii
944 1061 1012 1126 libri
1026 1061 1196 1126 eonfimnts
1213 1061 1244 1124 iu
1257 1071 1339 1124 tanto

255 1183 397 1226 versuum
411 1183 534 1226 numero
550 1163 676 1246 quinque
695 1162 885 1250 reperiuntur
904 1162 968 1227 eius
988 1163 1068 1228 modi
1089 1162 1272 1228 traiectionis
1286 1183 1339 1228 eu·

254 1265 364 1349 ampla.
381 1285 454 1330 ¹esum
466 1264 522 1328 hae
533 1265 623 1348 igitur
633 1261 767 1328 Lucretii
787 1264 969 1330 confluentia
990 1266 1189 1350 comparanda
1209 1275 1257 1330 est
1276 1284 1339 1328 ere·

255 1366 384 1432 6664616
409 1366 487 1452 upui
513 1385 565 1431 eos
585 1377 689 1451 poetas
708 1366 757 1452 qui
778 1364 908 1452 Augusti
927 1377 1024 1434 aetate
1045 1367 1188 1434 vixerunt
1209 1365 1339 1432 eiusdem

255 1468 299 1532 rei
317 1466 511 1531 consuetudo.
578 1511 583 1518 -
648 1499 650 1515 ·

340 1566 388 1632 Α6
400 1565 547 1652 virgilius
564 1567 680 1650 quidem
694 1588 789 1652 neque
803 1579 899 1658 atqua
919 1591 1014 1654 neque
1034 1594 1073 1638 66
1095 1569 1253 1658 particulas
1274 1530 1341 1654 post
1473 1551 1475 1592 l

252 1669 508 1736 lllusluoealuulum
522 1669 639 1734 traiecit
652 1671 699 1734 ouri
710 1672 942 1755 praemittendae
956 1683 1042 1736 erant
1054 1683 1173 1757 propter
1187 1671 1340 1756 cogitatio·

254 1793 335 1837 nem·
352 1773 450 1856 itaque
465 1771 559 1836 habeo
573 1772 649 1856 quod
664 1774 771 1838 adulam
783 1772 1084 1860 perbonaeFridem'oi
1097 1771 1200 1838 laoobi
1212 1774 1340 1858 disputa·
1474 1767 1475 1772 ’

254 1875 330 1940 tioni
342 1873 493 1961 (athrup.
509 1895 541 1959 p.
554 1879 677 1960 tessp
691 1898 760 1941 nam
773 1874 877 1942 iuCiru'
890 1887 985 1963 utque
998 1876 1042 1942 sie
1054 1875 1228 1941 eolloeatum
1241 1875 1287 1940 bis
1295 1875 1340 1940 iu·

253 1978 383 2056 venitur,
399 1998 432 2041 v.
441 1985 519 2044 456.
536 1977 658 2063 Accipe
671 1980 753 2044 dono
763 2002 829 2044 meo
842 1981 972 2044 multum
983 1977 1246 2066 opitulatum,
1261 1978 1339 2044 Pro·

252 2083 350 2146 ma'ssu
362 2091 455 2167 61666
465 2079 521 2144 tia
533 2082 594 2144 iarn
609 2081 734 2147 tandem
747 2081 882 2146 exordia
893 2081 986 2146 retro
999 2079 1064 2164 (uni
1072 2080 1184 2150 erravit
1190 2079 1240 2164 qui
1247 2098 1340 2163 nuper

254 2193 400 2248 commate
414 2192 481 2268 post
488 2181 543 2246 diu
549 2181 746 2266 interpunxit)
761 2185 866 2248 66448
879 2203 923 2246 ss.
941 2181 1034 2250 Mene
1048 2184 1130 2253 allas
1142 2185 1225 2248 66166·
1228 2180 1339 2266 famu
1470 2240 1472 2269 Ι

254 2287 358 2350 larum
371 2305 497 2347 manere
505 2283 628 2368 fungi
649 2283 802 2367 Coniuges
823 2293 917 2368 utque
939 2293 1026 2362 tune,
1055 2304 1256 2370 quaeeunque
1277 2284 1342 2346 erit
1469 2272 1472 2289 ¹

254 2387 325 2463 ille,
345 2385 467 2460 666166,
490 2383 564 2448 Non
579 2384 838 2469 emigratione
852 2404 952 2468 peroso
973 2381 1133 2446 6166616666
1143 2382 1265 2465 susos?
1285 2382 1339 2446 sel

120 2495 127 2508 ‘
247 2495 287 2550 64
299 2484 472 2570 particulam
484 2479 629 2568 Virgilius
644 2505 705 2547 non
717 2484 906 2569 saepissime,
930 2484 984 2548 sed
997 2483 1089 2546 multo
1103 2493 1203 2546 tamen
1218 2481 1338 2567 saepius

253 2593 341 2672 quam
353 2583 512 2650 luuoretius
524 2585 567 2650 ita
579 2595 611 2648 ut
625 2585 689 2649 lixi
702 2585 870 2649 eollooavit.
894 2585 992 2670 posuit
1010 2583 1090 2650 inter
1110 2582 1287 2648 adieetivum
1307 2593 1339 2646 et

250 2688 436 2772 subsequens
453 2687 669 2752 substantivum
689 2689 798 2752 mmen
818 2687 875 2751 eol.
896 2695 929 2766 1,
947 2694 1002 2763 35.
1019 2693 1072 2766 69,
1096 2705 1146 2770 ge.
1163 2693 1196 2765 2,
1211 2692 1286 2752 404.
1303 2691 1336 2763 8,

250 2797 286 2872 8,
309 2789 490 2870 350,Α611.
515 2799 546 2870 1,
567 2795 641 2856 333.
665 2798 698 2870 2,
711 2796 788 2874 883.
812 2795 887 2855 600.
910 2795 944 2869 6,
958 2794 1033 2854 430.
1057 2794 1186 2878 4,Δ704.
1210 2793 1244 2866 ὅ,
1261 2793 1335 2854 344.

251 2897 326 2959 667.
350 2897 423 2958 764.
445 2900 478 2972 8,
502 2900 576 2960 517.
597 2900 659 2973 16,
681 2900 757 2958 448.
790 2899 841 2970 11,
864 2897 945 2958 6676
973 2890 1053 2954 inter
1072 2890 1130 2954 dno
1152 2887 1338 2954 substantiva

251 2994 435 3079 appositione
450 2995 609 3060 eoniunota
621 2993 702 3058 Aen.
720 2999 772 3074 11,
789 2999 869 3062 5192.
890 2992 969 3058 inter
983 2992 1070 3056 unius
1086 2990 1265 3057 substantivi
1284 3009 1337 3073 ge-

249 3095 375 3160 nitivum
393 3106 424 3162 et
445 3096 519 3162 elius
540 3119 641 3162 nasum
664 3096 753 3160 alium
773 3116 823 3180 ge.
846 3103 876 3174 1,
892 3102 965 3162 462.
990 3103 1042 3174 11,
1057 3100 1131 3160 516.
1156 3099 1236 3160 nus:
1259 3091 1338 3156 iuter
1469 3086 1472 3107 ¹

247 3195 518 3264 substantivorum
539 3199 783 3282 adieetivumge.
805 3205 838 3276 2,
862 3202 935 3276 164,
957 3195 1090 3275 Aen-4,
1108 3201 1180 3260 124.
1205 3199 1278 3260 165.
1302 3200 1334 3270 5,

250 3305 325 3380 625.
350 3305 382 3377 6,
402 3304 478 3362 841.
508 3307 560 3379 12,
579 3307 639 3365 30:
670 3309 738 3383 post
759 3297 886 3381 simplex
905 3295 1122 3362 substantivum
1143 3295 1201 3358 661.
1224 3301 1257 3372 2,
1283 3301 1334 3362 16.

59 3461 63 3472 .
181 3395 283 3480 ἰ,
298 3405 351 3466 au.
373 3407 409 3480 ⁷,
423 3405 479 3478 oo,
498 3419 552 3483 go.
570 3408 600 3479 1,
620 3406 694 3464 sos.
719 3405 794 3477 uae,
817 3396 898 3462 Aen.
919 3403 953 3476 u,
973 3403 1048 3462 ms.
1072 3402 1154 3462 616.
1178 3407 1246 3481 posu
1267 3417 1336 3460 vo-
1474 3479 1475 3490 Ν

245 3500 506 3587 umectans.
531 3509 565 3582 s,
581 3509 634 3568 55.
657 3499 786 3580 1666,
804 3505 857 3566 ⁷3.
881 3505 1244 3580 3,668.4,512.515=
1268 3508 1337 3580 posu
1474 3512 1475 3533 ι

247 3605 420 3670 adverbium
435 3626 485 3689 ge.
505 3613 536 3686 1,
556 3611 632 3684 248,
654 3603 737 3668 Aen.
754 3613 785 3684 1,
802 3609 876 3670 262.
902 3609 934 3682 6,
949 3607 1024 3668 446.
1049 3607 1082 3680 8,
1103 3605 1185 3668 6266
1209 3598 1335 3682 denique

248 3716 318 3790 post
332 3706 388 3770 tluo
400 3707 558 3785 voeabula,
583 3706 759 3771 adieetivum
770 3717 803 3770 et
811 3703 1041 3782 substantivum,
1064 3699 1146 3770 Aen.
1165 3708 1219 3781 12,
1235 3707 1311 3768 881.

241 3843 244 3846 -
334 3803 478 3870 Horatius
492 3808 523 3872 in
539 3807 640 3892 epodis
655 3819 686 3871 et
700 3808 885 3872 sermonibus
898 3807 950 3870 illa
959 3803 1191 3889 copulativarum
1205 3800 1335 3886 partien-

246 3907 343 3974 lsrum
365 3907 561 3974 oollooatioue
582 3909 731 3992 aliquanto
753 3909 871 3994 saepius
890 3927 961 3972 usus
987 3914 1038 3969 est
1062 3923 1150 3986 quam
1174 3898 1331 3986 Virgilium,

243 4011 345 4076 miuus
360 4031 450 4096 saepe
465 4012 495 4074 iu
508 4011 700 4090 seminibus,
723 4001 854 4076 maxime
872 4010 904 4074 iu
918 4005 1129 4094 posterioribus
1146 4005 1243 4084 libris,
1267 4025 1333 4090 per-

247 4133 318 4180 raro
332 4113 364 4178 in
380 4113 525 4199 epistolis,
547 4113 580 4175 in‘
591 4122 657 4176 arte
673 4113 955 4197 poetioanusquam.
979 4119 1012 4174 et
1021 4118 1117 4197 etque
1130 4106 1246 4191 quidem
1265 4125 1333 4172 sae-

248 4216 314 4302 pius
332 4235 419 4299 66666
432 4215 485 4280 alii
501 4235 605 4280 omnes
618 4214 769 4280 interduo
788 4234 865 4300 quae
886 4231 986 4278 seeum
1007 4209 1154 4276 artissime
1177 4209 1333 4278 coniuncta

247 4329 318 4382 snut
334 4318 484 4382 somnus
504 4317 598 4404 ponit,
623 4337 713 4382 serm.
737 4325 769 4396 1,
789 4325 823 4395 5,
843 4323 878 4382 4.
903 4319 1027 4394 6,116.
1053 4317 1125 4378 131.
1150 4317 1253 4390 7,12.
1278 4317 1331 4387 16,

247 4423 304 4496 28,
326 4418 413 4502 epod.
429 4425 485 4496 17,
500 4425 535 4483 4.
558 4429 619 4484 nun
641 4417 794 4482 eteoclem
812 4416 902 4482 mono
921 4414 1047 4484 eolooat
1066 4431 1158 4482 serun-
1176 4421 1209 4489 1,
1227 4419 1260 4489 8,
1277 4417 1330 4476 66.
